PokerStars Hand #259539739258: Tournament #3970912522, €0.93+€0.07 EUR Hold'em No Limit - Level I (10/20) - 2026/01/31 22:10:29 CET [2026/01/31 16:10:29 ET]
Table '3970912522 1' 3-max Seat #1 is the button
Seat 1: juvad2602 (500 in chips) 
Seat 2: mabeal1 (500 in chips) 
Seat 3: dove13140 (500 in chips) 
mabeal1: posts small blind 10
dove13140: posts big blind 20
*** HOLE CARDS ***
Dealt to mabeal1 [Qs 8d]
juvad2602: folds 
mabeal1: raises 20 to 40
dove13140: folds 
Uncalled bet (20) returned to mabeal1
mabeal1 collected 40 from pot
mabeal1: doesn't show hand 
*** SUMMARY ***
Total pot 40 | Rake 0 
Seat 1: juvad2602 (button) folded before Flop (didn't bet)
Seat 2: mabeal1 (small blind) collected (40)
Seat 3: dove13140 (big blind) folded before Flop



PokerStars Hand #259539743414: Tournament #3970912522, €0.93+€0.07 EUR Hold'em No Limit - Level I (10/20) - 2026/01/31 22:10:46 CET [2026/01/31 16:10:46 ET]
Table '3970912522 1' 3-max Seat #2 is the button
Seat 1: juvad2602 (500 in chips) 
Seat 2: mabeal1 (520 in chips) 
Seat 3: dove13140 (480 in chips) 
dove13140: posts small blind 10
juvad2602: posts big blind 20
*** HOLE CARDS ***
Dealt to mabeal1 [9c Ah]
mabeal1: raises 500 to 520 and is all-in
dove13140: folds 
juvad2602: folds 
Uncalled bet (500) returned to mabeal1
mabeal1 collected 50 from pot
mabeal1: doesn't show hand 
*** SUMMARY ***
Total pot 50 | Rake 0 
Seat 1: juvad2602 (big blind) folded before Flop
Seat 2: mabeal1 (button) collected (50)
Seat 3: dove13140 (small blind) folded before Flop



PokerStars Hand #259539747333: Tournament #3970912522, €0.93+€0.07 EUR Hold'em No Limit - Level I (10/20) - 2026/01/31 22:11:01 CET [2026/01/31 16:11:01 ET]
Table '3970912522 1' 3-max Seat #3 is the button
Seat 1: juvad2602 (480 in chips) 
Seat 2: mabeal1 (550 in chips) 
Seat 3: dove13140 (470 in chips) 
juvad2602: posts small blind 10
mabeal1: posts big blind 20
*** HOLE CARDS ***
Dealt to mabeal1 [Kh 6s]
dove13140: folds 
juvad2602: raises 40 to 60
mabeal1: calls 40
*** FLOP *** [3h 2d As]
juvad2602: checks 
mabeal1: checks 
*** TURN *** [3h 2d As] [Jh]
juvad2602: bets 60
mabeal1: folds 
Uncalled bet (60) returned to juvad2602
juvad2602 collected 120 from pot
*** SUMMARY ***
Total pot 120 | Rake 0 
Board [3h 2d As Jh]
Seat 1: juvad2602 (small blind) collected (120)
Seat 2: mabeal1 (big blind) folded on the Turn
Seat 3: dove13140 (button) folded before Flop (didn't bet)



PokerStars Hand #259539754560: Tournament #3970912522, €0.93+€0.07 EUR Hold'em No Limit - Level I (10/20) - 2026/01/31 22:11:30 CET [2026/01/31 16:11:30 ET]
Table '3970912522 1' 3-max Seat #1 is the button
Seat 1: juvad2602 (540 in chips) 
Seat 2: mabeal1 (490 in chips) 
Seat 3: dove13140 (470 in chips) 
mabeal1: posts small blind 10
dove13140: posts big blind 20
*** HOLE CARDS ***
Dealt to mabeal1 [Qs Td]
juvad2602: raises 50 to 70
mabeal1: folds 
dove13140: folds 
Uncalled bet (50) returned to juvad2602
juvad2602 collected 50 from pot
*** SUMMARY ***
Total pot 50 | Rake 0 
Seat 1: juvad2602 (button) collected (50)
Seat 2: mabeal1 (small blind) folded before Flop
Seat 3: dove13140 (big blind) folded before Flop



PokerStars Hand #259539756747: Tournament #3970912522, €0.93+€0.07 EUR Hold'em No Limit - Level I (10/20) - 2026/01/31 22:11:39 CET [2026/01/31 16:11:39 ET]
Table '3970912522 1' 3-max Seat #2 is the button
Seat 1: juvad2602 (570 in chips) 
Seat 2: mabeal1 (480 in chips) 
Seat 3: dove13140 (450 in chips) 
dove13140: posts small blind 10
juvad2602: posts big blind 20
*** HOLE CARDS ***
Dealt to mabeal1 [8s 7s]
mabeal1: raises 20 to 40
dove13140: folds 
juvad2602: raises 20 to 60
mabeal1: calls 20
*** FLOP *** [2s 7h 3d]
juvad2602: checks 
mabeal1: bets 140
juvad2602: folds 
Uncalled bet (140) returned to mabeal1
mabeal1 collected 130 from pot
mabeal1: doesn't show hand 
*** SUMMARY ***
Total pot 130 | Rake 0 
Board [2s 7h 3d]
Seat 1: juvad2602 (big blind) folded on the Flop
Seat 2: mabeal1 (button) collected (130)
Seat 3: dove13140 (small blind) folded before Flop



PokerStars Hand #259539761173: Tournament #3970912522, €0.93+€0.07 EUR Hold'em No Limit - Level I (10/20) - 2026/01/31 22:11:56 CET [2026/01/31 16:11:56 ET]
Table '3970912522 1' 3-max Seat #3 is the button
Seat 1: juvad2602 (510 in chips) 
Seat 2: mabeal1 (550 in chips) 
Seat 3: dove13140 (440 in chips) 
juvad2602: posts small blind 10
mabeal1: posts big blind 20
*** HOLE CARDS ***
Dealt to mabeal1 [3d 7h]
dove13140: folds 
juvad2602: raises 40 to 60
mabeal1: folds 
Uncalled bet (40) returned to juvad2602
juvad2602 collected 40 from pot
*** SUMMARY ***
Total pot 40 | Rake 0 
Seat 1: juvad2602 (small blind) collected (40)
Seat 2: mabeal1 (big blind) folded before Flop
Seat 3: dove13140 (button) folded before Flop (didn't bet)



PokerStars Hand #259539763506: Tournament #3970912522, €0.93+€0.07 EUR Hold'em No Limit - Level I (10/20) - 2026/01/31 22:12:05 CET [2026/01/31 16:12:05 ET]
Table '3970912522 1' 3-max Seat #1 is the button
Seat 1: juvad2602 (530 in chips) 
Seat 2: mabeal1 (530 in chips) 
Seat 3: dove13140 (440 in chips) 
mabeal1: posts small blind 10
dove13140: posts big blind 20
*** HOLE CARDS ***
Dealt to mabeal1 [8d Jh]
juvad2602: folds 
mabeal1: raises 20 to 40
dove13140: calls 20
*** FLOP *** [6h 4d 5s]
mabeal1: checks 
dove13140: checks 
*** TURN *** [6h 4d 5s] [3d]
mabeal1: bets 40
dove13140: calls 40
*** RIVER *** [6h 4d 5s 3d] [Ks]
mabeal1: checks 
dove13140: bets 160
mabeal1: folds 
Uncalled bet (160) returned to dove13140
dove13140 collected 160 from pot
dove13140: doesn't show hand 
*** SUMMARY ***
Total pot 160 | Rake 0 
Board [6h 4d 5s 3d Ks]
Seat 1: juvad2602 (button) folded before Flop (didn't bet)
Seat 2: mabeal1 (small blind) folded on the River
Seat 3: dove13140 (big blind) collected (160)



PokerStars Hand #259539773458: Tournament #3970912522, €0.93+€0.07 EUR Hold'em No Limit - Level II (15/30) - 2026/01/31 22:12:45 CET [2026/01/31 16:12:45 ET]
Table '3970912522 1' 3-max Seat #2 is the button
Seat 1: juvad2602 (530 in chips) 
Seat 2: mabeal1 (450 in chips) 
Seat 3: dove13140 (520 in chips) 
dove13140: posts small blind 15
juvad2602: posts big blind 30
*** HOLE CARDS ***
Dealt to mabeal1 [2s 7s]
mabeal1: folds 
dove13140: folds 
Uncalled bet (15) returned to juvad2602
juvad2602 collected 30 from pot
*** SUMMARY ***
Total pot 30 | Rake 0 
Seat 1: juvad2602 (big blind) collected (30)
Seat 2: mabeal1 (button) folded before Flop (didn't bet)
Seat 3: dove13140 (small blind) folded before Flop



PokerStars Hand #259539774674: Tournament #3970912522, €0.93+€0.07 EUR Hold'em No Limit - Level II (15/30) - 2026/01/31 22:12:50 CET [2026/01/31 16:12:50 ET]
Table '3970912522 1' 3-max Seat #3 is the button
Seat 1: juvad2602 (545 in chips) 
Seat 2: mabeal1 (450 in chips) 
Seat 3: dove13140 (505 in chips) 
juvad2602: posts small blind 15
mabeal1: posts big blind 30
*** HOLE CARDS ***
Dealt to mabeal1 [Jc 2d]
dove13140: calls 30
juvad2602: calls 15
mabeal1: checks 
*** FLOP *** [Tc 5d Ac]
juvad2602: checks 
mabeal1: checks 
dove13140: checks 
*** TURN *** [Tc 5d Ac] [6h]
juvad2602: checks 
mabeal1: checks 
dove13140: bets 30
juvad2602: folds 
mabeal1: raises 120 to 150
dove13140: folds 
Uncalled bet (120) returned to mabeal1
mabeal1 collected 150 from pot
mabeal1: doesn't show hand 
*** SUMMARY ***
Total pot 150 | Rake 0 
Board [Tc 5d Ac 6h]
Seat 1: juvad2602 (small blind) folded on the Turn
Seat 2: mabeal1 (big blind) collected (150)
Seat 3: dove13140 (button) folded on the Turn



PokerStars Hand #259539784380: Tournament #3970912522, €0.93+€0.07 EUR Hold'em No Limit - Level II (15/30) - 2026/01/31 22:13:29 CET [2026/01/31 16:13:29 ET]
Table '3970912522 1' 3-max Seat #1 is the button
Seat 1: juvad2602 (515 in chips) 
Seat 2: mabeal1 (540 in chips) 
Seat 3: dove13140 (445 in chips) 
mabeal1: posts small blind 15
dove13140: posts big blind 30
*** HOLE CARDS ***
Dealt to mabeal1 [3s 9c]
juvad2602: raises 75 to 105
mabeal1: folds 
dove13140: folds 
Uncalled bet (75) returned to juvad2602
juvad2602 collected 75 from pot
*** SUMMARY ***
Total pot 75 | Rake 0 
Seat 1: juvad2602 (button) collected (75)
Seat 2: mabeal1 (small blind) folded before Flop
Seat 3: dove13140 (big blind) folded before Flop



PokerStars Hand #259539786289: Tournament #3970912522, €0.93+€0.07 EUR Hold'em No Limit - Level II (15/30) - 2026/01/31 22:13:36 CET [2026/01/31 16:13:36 ET]
Table '3970912522 1' 3-max Seat #2 is the button
Seat 1: juvad2602 (560 in chips) 
Seat 2: mabeal1 (525 in chips) 
Seat 3: dove13140 (415 in chips) 
dove13140: posts small blind 15
juvad2602: posts big blind 30
*** HOLE CARDS ***
Dealt to mabeal1 [3d 9d]
mabeal1: folds 
dove13140: calls 15
juvad2602: checks 
*** FLOP *** [Ad Qd 6c]
dove13140: checks 
juvad2602: checks 
*** TURN *** [Ad Qd 6c] [5d]
dove13140: checks 
juvad2602: checks 
*** RIVER *** [Ad Qd 6c 5d] [Qh]
dove13140: checks 
juvad2602: bets 60
dove13140: folds 
Uncalled bet (60) returned to juvad2602
juvad2602 collected 60 from pot
*** SUMMARY ***
Total pot 60 | Rake 0 
Board [Ad Qd 6c 5d Qh]
Seat 1: juvad2602 (big blind) collected (60)
Seat 2: mabeal1 (button) folded before Flop (didn't bet)
Seat 3: dove13140 (small blind) folded on the River



PokerStars Hand #259539792104: Tournament #3970912522, €0.93+€0.07 EUR Hold'em No Limit - Level II (15/30) - 2026/01/31 22:13:59 CET [2026/01/31 16:13:59 ET]
Table '3970912522 1' 3-max Seat #3 is the button
Seat 1: juvad2602 (590 in chips) 
Seat 2: mabeal1 (525 in chips) 
Seat 3: dove13140 (385 in chips) 
juvad2602: posts small blind 15
mabeal1: posts big blind 30
*** HOLE CARDS ***
Dealt to mabeal1 [8h 2c]
dove13140: folds 
juvad2602: raises 60 to 90
mabeal1: folds 
Uncalled bet (60) returned to juvad2602
juvad2602 collected 60 from pot
*** SUMMARY ***
Total pot 60 | Rake 0 
Seat 1: juvad2602 (small blind) collected (60)
Seat 2: mabeal1 (big blind) folded before Flop
Seat 3: dove13140 (button) folded before Flop (didn't bet)



PokerStars Hand #259539793739: Tournament #3970912522, €0.93+€0.07 EUR Hold'em No Limit - Level II (15/30) - 2026/01/31 22:14:06 CET [2026/01/31 16:14:06 ET]
Table '3970912522 1' 3-max Seat #1 is the button
Seat 1: juvad2602 (620 in chips) 
Seat 2: mabeal1 (495 in chips) 
Seat 3: dove13140 (385 in chips) 
mabeal1: posts small blind 15
dove13140: posts big blind 30
*** HOLE CARDS ***
Dealt to mabeal1 [7s Ts]
juvad2602: folds 
mabeal1: raises 60 to 90
dove13140: folds 
Uncalled bet (60) returned to mabeal1
mabeal1 collected 60 from pot
mabeal1: doesn't show hand 
*** SUMMARY ***
Total pot 60 | Rake 0 
Seat 1: juvad2602 (button) folded before Flop (didn't bet)
Seat 2: mabeal1 (small blind) collected (60)
Seat 3: dove13140 (big blind) folded before Flop



PokerStars Hand #259539796069: Tournament #3970912522, €0.93+€0.07 EUR Hold'em No Limit - Level II (15/30) - 2026/01/31 22:14:15 CET [2026/01/31 16:14:15 ET]
Table '3970912522 1' 3-max Seat #2 is the button
Seat 1: juvad2602 (620 in chips) 
Seat 2: mabeal1 (525 in chips) 
Seat 3: dove13140 (355 in chips) 
dove13140: posts small blind 15
juvad2602: posts big blind 30
*** HOLE CARDS ***
Dealt to mabeal1 [5c 6s]
mabeal1: folds 
dove13140: folds 
Uncalled bet (15) returned to juvad2602
juvad2602 collected 30 from pot
*** SUMMARY ***
Total pot 30 | Rake 0 
Seat 1: juvad2602 (big blind) collected (30)
Seat 2: mabeal1 (button) folded before Flop (didn't bet)
Seat 3: dove13140 (small blind) folded before Flop



PokerStars Hand #259539797574: Tournament #3970912522, €0.93+€0.07 EUR Hold'em No Limit - Level II (15/30) - 2026/01/31 22:14:21 CET [2026/01/31 16:14:21 ET]
Table '3970912522 1' 3-max Seat #3 is the button
Seat 1: juvad2602 (635 in chips) 
Seat 2: mabeal1 (525 in chips) 
Seat 3: dove13140 (340 in chips) 
juvad2602: posts small blind 15
mabeal1: posts big blind 30
*** HOLE CARDS ***
Dealt to mabeal1 [9c Ts]
dove13140: folds 
juvad2602: raises 60 to 90
mabeal1: calls 60
*** FLOP *** [Td Js Jh]
juvad2602: checks 
mabeal1: checks 
*** TURN *** [Td Js Jh] [7s]
juvad2602: checks 
mabeal1: checks 
*** RIVER *** [Td Js Jh 7s] [Jc]
juvad2602: bets 180
mabeal1: calls 180
*** SHOW DOWN ***
juvad2602: shows [4s Ah] (three of a kind, Jacks)
mabeal1: shows [9c Ts] (a full house, Jacks full of Tens)
mabeal1 collected 540 from pot
*** SUMMARY ***
Total pot 540 | Rake 0 
Board [Td Js Jh 7s Jc]
Seat 1: juvad2602 (small blind) showed [4s Ah] and lost with three of a kind, Jacks
Seat 2: mabeal1 (big blind) showed [9c Ts] and won (540) with a full house, Jacks full of Tens
Seat 3: dove13140 (button) folded before Flop (didn't bet)



PokerStars Hand #259539804078: Tournament #3970912522, €0.93+€0.07 EUR Hold'em No Limit - Level III (20/40) - 2026/01/31 22:14:47 CET [2026/01/31 16:14:47 ET]
Table '3970912522 1' 3-max Seat #1 is the button
Seat 1: juvad2602 (365 in chips) 
Seat 2: mabeal1 (795 in chips) 
Seat 3: dove13140 (340 in chips) 
mabeal1: posts small blind 20
dove13140: posts big blind 40
*** HOLE CARDS ***
Dealt to mabeal1 [8d Qh]
juvad2602: calls 40
mabeal1: calls 20
dove13140: checks 
*** FLOP *** [Ts Ad Kc]
mabeal1: checks 
dove13140: checks 
juvad2602: checks 
*** TURN *** [Ts Ad Kc] [7c]
mabeal1: checks 
dove13140: checks 
juvad2602: bets 60
mabeal1: folds 
dove13140: calls 60
*** RIVER *** [Ts Ad Kc 7c] [7h]
dove13140: checks 
juvad2602: bets 265 and is all-in
dove13140: folds 
Uncalled bet (265) returned to juvad2602
juvad2602 collected 240 from pot
*** SUMMARY ***
Total pot 240 | Rake 0 
Board [Ts Ad Kc 7c 7h]
Seat 1: juvad2602 (button) collected (240)
Seat 2: mabeal1 (small blind) folded on the Turn
Seat 3: dove13140 (big blind) folded on the River



PokerStars Hand #259539810448: Tournament #3970912522, €0.93+€0.07 EUR Hold'em No Limit - Level III (20/40) - 2026/01/31 22:15:12 CET [2026/01/31 16:15:12 ET]
Table '3970912522 1' 3-max Seat #2 is the button
Seat 1: juvad2602 (505 in chips) 
Seat 2: mabeal1 (755 in chips) 
Seat 3: dove13140 (240 in chips) 
dove13140: posts small blind 20
juvad2602: posts big blind 40
*** HOLE CARDS ***
Dealt to mabeal1 [Kh 9s]
mabeal1: raises 40 to 80
dove13140: folds 
juvad2602: calls 40
*** FLOP *** [5d 2c 8s]
juvad2602: checks 
mabeal1: checks 
*** TURN *** [5d 2c 8s] [8h]
juvad2602: checks 
mabeal1: checks 
*** RIVER *** [5d 2c 8s 8h] [Jh]
juvad2602: bets 90
mabeal1: calls 90
*** SHOW DOWN ***
juvad2602: shows [7h 3h] (a pair of Eights)
mabeal1: shows [Kh 9s] (a pair of Eights - King kicker)
mabeal1 collected 360 from pot
*** SUMMARY ***
Total pot 360 | Rake 0 
Board [5d 2c 8s 8h Jh]
Seat 1: juvad2602 (big blind) showed [7h 3h] and lost with a pair of Eights
Seat 2: mabeal1 (button) showed [Kh 9s] and won (360) with a pair of Eights
Seat 3: dove13140 (small blind) folded before Flop



PokerStars Hand #259539815233: Tournament #3970912522, €0.93+€0.07 EUR Hold'em No Limit - Level III (20/40) - 2026/01/31 22:15:31 CET [2026/01/31 16:15:31 ET]
Table '3970912522 1' 3-max Seat #3 is the button
Seat 1: juvad2602 (335 in chips) 
Seat 2: mabeal1 (945 in chips) 
Seat 3: dove13140 (220 in chips) 
juvad2602: posts small blind 20
mabeal1: posts big blind 40
*** HOLE CARDS ***
Dealt to mabeal1 [Kh 8c]
dove13140: calls 40
juvad2602: calls 20
mabeal1: checks 
*** FLOP *** [7s 3d 5c]
juvad2602: bets 120
mabeal1: folds 
dove13140: raises 60 to 180 and is all-in
juvad2602: calls 60
*** TURN *** [7s 3d 5c] [6s]
*** RIVER *** [7s 3d 5c 6s] [3s]
*** SHOW DOWN ***
juvad2602: shows [5h 2h] (two pair, Fives and Threes)
dove13140: shows [Qc Qs] (two pair, Queens and Threes)
dove13140 collected 480 from pot
*** SUMMARY ***
Total pot 480 | Rake 0 
Board [7s 3d 5c 6s 3s]
Seat 1: juvad2602 (small blind) showed [5h 2h] and lost with two pair, Fives and Threes
Seat 2: mabeal1 (big blind) folded on the Flop
Seat 3: dove13140 (button) showed [Qc Qs] and won (480) with two pair, Queens and Threes



PokerStars Hand #259539820749: Tournament #3970912522, €0.93+€0.07 EUR Hold'em No Limit - Level III (20/40) - 2026/01/31 22:15:53 CET [2026/01/31 16:15:53 ET]
Table '3970912522 1' 3-max Seat #1 is the button
Seat 1: juvad2602 (115 in chips) 
Seat 2: mabeal1 (905 in chips) 
Seat 3: dove13140 (480 in chips) 
mabeal1: posts small blind 20
dove13140: posts big blind 40
*** HOLE CARDS ***
Dealt to mabeal1 [2c 3c]
juvad2602: raises 75 to 115 and is all-in
mabeal1: folds 
dove13140: folds 
Uncalled bet (75) returned to juvad2602
juvad2602 collected 100 from pot
*** SUMMARY ***
Total pot 100 | Rake 0 
Seat 1: juvad2602 (button) collected (100)
Seat 2: mabeal1 (small blind) folded before Flop
Seat 3: dove13140 (big blind) folded before Flop



PokerStars Hand #259539822929: Tournament #3970912522, €0.93+€0.07 EUR Hold'em No Limit - Level III (20/40) - 2026/01/31 22:16:02 CET [2026/01/31 16:16:02 ET]
Table '3970912522 1' 3-max Seat #2 is the button
Seat 1: juvad2602 (175 in chips) 
Seat 2: mabeal1 (885 in chips) 
Seat 3: dove13140 (440 in chips) 
dove13140: posts small blind 20
juvad2602: posts big blind 40
*** HOLE CARDS ***
Dealt to mabeal1 [Ks 5d]
mabeal1: raises 40 to 80
dove13140: calls 60
juvad2602: raises 95 to 175 and is all-in
mabeal1: calls 95
dove13140: raises 265 to 440 and is all-in
mabeal1: calls 265
*** FLOP *** [3s 7h 7s]
*** TURN *** [3s 7h 7s] [Qs]
*** RIVER *** [3s 7h 7s Qs] [Js]
*** SHOW DOWN ***
dove13140: shows [As 4d] (a flush, Ace high)
mabeal1: shows [Ks 5d] (a flush, King high)
dove13140 collected 530 from side pot
juvad2602: shows [Ah 6h] (a pair of Sevens)
dove13140 collected 525 from main pot
juvad2602 finished the tournament in 3rd place
*** SUMMARY ***
Total pot 1055 Main pot 525. Side pot 530. | Rake 0 
Board [3s 7h 7s Qs Js]
Seat 1: juvad2602 (big blind) showed [Ah 6h] and lost with a pair of Sevens
Seat 2: mabeal1 (button) showed [Ks 5d] and lost with a flush, King high
Seat 3: dove13140 (small blind) showed [As 4d] and won (1055) with a flush, Ace high



PokerStars Hand #259539831202: Tournament #3970912522, €0.93+€0.07 EUR Hold'em No Limit - Level IV (30/60) - 2026/01/31 22:16:35 CET [2026/01/31 16:16:35 ET]
Table '3970912522 1' 3-max Seat #3 is the button
Seat 2: mabeal1 (445 in chips) 
Seat 3: dove13140 (1055 in chips) 
dove13140: posts small blind 30
mabeal1: posts big blind 60
*** HOLE CARDS ***
Dealt to mabeal1 [9h 7d]
dove13140: folds 
Uncalled bet (30) returned to mabeal1
mabeal1 collected 60 from pot
mabeal1: doesn't show hand 
*** SUMMARY ***
Total pot 60 | Rake 0 
Seat 2: mabeal1 (big blind) collected (60)
Seat 3: dove13140 (button) (small blind) folded before Flop



PokerStars Hand #259539832204: Tournament #3970912522, €0.93+€0.07 EUR Hold'em No Limit - Level IV (30/60) - 2026/01/31 22:16:39 CET [2026/01/31 16:16:39 ET]
Table '3970912522 1' 3-max Seat #2 is the button
Seat 2: mabeal1 (475 in chips) 
Seat 3: dove13140 (1025 in chips) 
mabeal1: posts small blind 30
dove13140: posts big blind 60
*** HOLE CARDS ***
Dealt to mabeal1 [Kh Th]
mabeal1: raises 415 to 475 and is all-in
dove13140: folds 
Uncalled bet (415) returned to mabeal1
mabeal1 collected 120 from pot
mabeal1: doesn't show hand 
*** SUMMARY ***
Total pot 120 | Rake 0 
Seat 2: mabeal1 (button) (small blind) collected (120)
Seat 3: dove13140 (big blind) folded before Flop



PokerStars Hand #259539833941: Tournament #3970912522, €0.93+€0.07 EUR Hold'em No Limit - Level IV (30/60) - 2026/01/31 22:16:46 CET [2026/01/31 16:16:46 ET]
Table '3970912522 1' 3-max Seat #3 is the button
Seat 2: mabeal1 (535 in chips) 
Seat 3: dove13140 (965 in chips) 
dove13140: posts small blind 30
mabeal1: posts big blind 60
*** HOLE CARDS ***
Dealt to mabeal1 [Ad Kh]
dove13140: folds 
Uncalled bet (30) returned to mabeal1
mabeal1 collected 60 from pot
mabeal1: doesn't show hand 
*** SUMMARY ***
Total pot 60 | Rake 0 
Seat 2: mabeal1 (big blind) collected (60)
Seat 3: dove13140 (button) (small blind) folded before Flop



PokerStars Hand #259539834920: Tournament #3970912522, €0.93+€0.07 EUR Hold'em No Limit - Level IV (30/60) - 2026/01/31 22:16:50 CET [2026/01/31 16:16:50 ET]
Table '3970912522 1' 3-max Seat #2 is the button
Seat 2: mabeal1 (565 in chips) 
Seat 3: dove13140 (935 in chips) 
mabeal1: posts small blind 30
dove13140: posts big blind 60
*** HOLE CARDS ***
Dealt to mabeal1 [Kc Jd]
mabeal1: raises 505 to 565 and is all-in
dove13140: calls 505
*** FLOP *** [Js 2h Jc]
*** TURN *** [Js 2h Jc] [3c]
*** RIVER *** [Js 2h Jc 3c] [3d]
*** SHOW DOWN ***
dove13140: shows [Qd Qh] (two pair, Queens and Jacks)
mabeal1: shows [Kc Jd] (a full house, Jacks full of Threes)
mabeal1 collected 1130 from pot
*** SUMMARY ***
Total pot 1130 | Rake 0 
Board [Js 2h Jc 3c 3d]
Seat 2: mabeal1 (button) (small blind) showed [Kc Jd] and won (1130) with a full house, Jacks full of Threes
Seat 3: dove13140 (big blind) showed [Qd Qh] and lost with two pair, Queens and Jacks



PokerStars Hand #259539837979: Tournament #3970912522, €0.93+€0.07 EUR Hold'em No Limit - Level IV (30/60) - 2026/01/31 22:17:03 CET [2026/01/31 16:17:03 ET]
Table '3970912522 1' 3-max Seat #3 is the button
Seat 2: mabeal1 (1130 in chips) 
Seat 3: dove13140 (370 in chips) 
dove13140: posts small blind 30
mabeal1: posts big blind 60
*** HOLE CARDS ***
Dealt to mabeal1 [6s 7c]
dove13140 is disconnected 
dove13140 is connected 
dove13140 is connected 
dove13140: calls 30
mabeal1: checks 
*** FLOP *** [3c 8s Jc]
mabeal1: checks 
dove13140: checks 
*** TURN *** [3c 8s Jc] [5d]
mabeal1: checks 
dove13140: checks 
*** RIVER *** [3c 8s Jc 5d] [3d]
mabeal1: checks 
dove13140: checks 
*** SHOW DOWN ***
mabeal1: shows [6s 7c] (a pair of Threes)
dove13140: shows [Kc 4d] (a pair of Threes - King kicker)
dove13140 collected 120 from pot
*** SUMMARY ***
Total pot 120 | Rake 0 
Board [3c 8s Jc 5d 3d]
Seat 2: mabeal1 (big blind) showed [6s 7c] and lost with a pair of Threes
Seat 3: dove13140 (button) (small blind) showed [Kc 4d] and won (120) with a pair of Threes



PokerStars Hand #259539854213: Tournament #3970912522, €0.93+€0.07 EUR Hold'em No Limit - Level IV (30/60) - 2026/01/31 22:18:07 CET [2026/01/31 16:18:07 ET]
Table '3970912522 1' 3-max Seat #2 is the button
Seat 2: mabeal1 (1070 in chips) 
Seat 3: dove13140 (430 in chips) 
mabeal1: posts small blind 30
dove13140: posts big blind 60
*** HOLE CARDS ***
Dealt to mabeal1 [8c Td]
mabeal1: raises 1010 to 1070 and is all-in
dove13140: folds 
Uncalled bet (1010) returned to mabeal1
mabeal1 collected 120 from pot
mabeal1: doesn't show hand 
*** SUMMARY ***
Total pot 120 | Rake 0 
Seat 2: mabeal1 (button) (small blind) collected (120)
Seat 3: dove13140 (big blind) folded before Flop



PokerStars Hand #259539857239: Tournament #3970912522, €0.93+€0.07 EUR Hold'em No Limit - Level IV (30/60) - 2026/01/31 22:18:20 CET [2026/01/31 16:18:20 ET]
Table '3970912522 1' 3-max Seat #3 is the button
Seat 2: mabeal1 (1130 in chips) 
Seat 3: dove13140 (370 in chips) 
dove13140: posts small blind 30
mabeal1: posts big blind 60
*** HOLE CARDS ***
Dealt to mabeal1 [Qd 7h]
dove13140: raises 310 to 370 and is all-in
mabeal1: folds 
Uncalled bet (310) returned to dove13140
dove13140 collected 120 from pot
dove13140: doesn't show hand 
*** SUMMARY ***
Total pot 120 | Rake 0 
Seat 2: mabeal1 (big blind) folded before Flop
Seat 3: dove13140 (button) (small blind) collected (120)



PokerStars Hand #259539858956: Tournament #3970912522, €0.93+€0.07 EUR Hold'em No Limit - Level IV (30/60) - 2026/01/31 22:18:26 CET [2026/01/31 16:18:26 ET]
Table '3970912522 1' 3-max Seat #2 is the button
Seat 2: mabeal1 (1070 in chips) 
Seat 3: dove13140 (430 in chips) 
mabeal1: posts small blind 30
dove13140: posts big blind 60
*** HOLE CARDS ***
Dealt to mabeal1 [9h 4s]
mabeal1: folds 
Uncalled bet (30) returned to dove13140
dove13140 collected 60 from pot
dove13140: doesn't show hand 
*** SUMMARY ***
Total pot 60 | Rake 0 
Seat 2: mabeal1 (button) (small blind) folded before Flop
Seat 3: dove13140 (big blind) collected (60)



PokerStars Hand #259539860475: Tournament #3970912522, €0.93+€0.07 EUR Hold'em No Limit - Level IV (30/60) - 2026/01/31 22:18:33 CET [2026/01/31 16:18:33 ET]
Table '3970912522 1' 3-max Seat #3 is the button
Seat 2: mabeal1 (1040 in chips) 
Seat 3: dove13140 (460 in chips) 
dove13140: posts small blind 30
mabeal1: posts big blind 60
*** HOLE CARDS ***
Dealt to mabeal1 [4d 4c]
dove13140: folds 
Uncalled bet (30) returned to mabeal1
mabeal1 collected 60 from pot
mabeal1: doesn't show hand 
*** SUMMARY ***
Total pot 60 | Rake 0 
Seat 2: mabeal1 (big blind) collected (60)
Seat 3: dove13140 (button) (small blind) folded before Flop



PokerStars Hand #259539861681: Tournament #3970912522, €0.93+€0.07 EUR Hold'em No Limit - Level IV (30/60) - 2026/01/31 22:18:37 CET [2026/01/31 16:18:37 ET]
Table '3970912522 1' 3-max Seat #2 is the button
Seat 2: mabeal1 (1070 in chips) 
Seat 3: dove13140 (430 in chips) 
mabeal1: posts small blind 30
dove13140: posts big blind 60
*** HOLE CARDS ***
Dealt to mabeal1 [9h 4h]
mabeal1: calls 30
dove13140: checks 
*** FLOP *** [3h Qs 9s]
dove13140: checks 
mabeal1: bets 60
dove13140: folds 
Uncalled bet (60) returned to mabeal1
mabeal1 collected 120 from pot
mabeal1: doesn't show hand 
*** SUMMARY ***
Total pot 120 | Rake 0 
Board [3h Qs 9s]
Seat 2: mabeal1 (button) (small blind) collected (120)
Seat 3: dove13140 (big blind) folded on the Flop



PokerStars Hand #259539867449: Tournament #3970912522, €0.93+€0.07 EUR Hold'em No Limit - Level V (40/80) - 2026/01/31 22:19:00 CET [2026/01/31 16:19:00 ET]
Table '3970912522 1' 3-max Seat #3 is the button
Seat 2: mabeal1 (1130 in chips) 
Seat 3: dove13140 (370 in chips) 
dove13140: posts small blind 40
mabeal1: posts big blind 80
*** HOLE CARDS ***
Dealt to mabeal1 [7s 2h]
dove13140: raises 80 to 160
mabeal1: folds 
Uncalled bet (80) returned to dove13140
dove13140 collected 160 from pot
dove13140: doesn't show hand 
*** SUMMARY ***
Total pot 160 | Rake 0 
Seat 2: mabeal1 (big blind) folded before Flop
Seat 3: dove13140 (button) (small blind) collected (160)



PokerStars Hand #259539868799: Tournament #3970912522, €0.93+€0.07 EUR Hold'em No Limit - Level V (40/80) - 2026/01/31 22:19:05 CET [2026/01/31 16:19:05 ET]
Table '3970912522 1' 3-max Seat #2 is the button
Seat 2: mabeal1 (1050 in chips) 
Seat 3: dove13140 (450 in chips) 
mabeal1: posts small blind 40
dove13140: posts big blind 80
*** HOLE CARDS ***
Dealt to mabeal1 [9d Qd]
mabeal1: raises 970 to 1050 and is all-in
dove13140: calls 370 and is all-in
Uncalled bet (600) returned to mabeal1
*** FLOP *** [Qs Td Qh]
*** TURN *** [Qs Td Qh] [7s]
*** RIVER *** [Qs Td Qh 7s] [8h]
*** SHOW DOWN ***
dove13140: shows [3c 3d] (two pair, Queens and Threes)
mabeal1: shows [9d Qd] (three of a kind, Queens)
mabeal1 collected 900 from pot
dove13140 finished the tournament in 2nd place
mabeal1 wins the tournament and receives €2.00 - congratulations!
*** SUMMARY ***
Total pot 900 | Rake 0 
Board [Qs Td Qh 7s 8h]
Seat 2: mabeal1 (button) (small blind) showed [9d Qd] and won (900) with three of a kind, Queens
Seat 3: dove13140 (big blind) showed [3c 3d] and lost with two pair, Queens and Threes



