PokerStars Hand #259639898169: Tournament #3973190940, €0.93+€0.07 EUR Hold'em No Limit - Level I (10/20) - 2026/02/08 8:28:00 CET [2026/02/08 2:28:00 ET]
Table '3973190940 1' 3-max Seat #1 is the button
Seat 1: tonic733 (500 in chips) 
Seat 2: Joes361 (500 in chips) 
Seat 3: mabeal1 (500 in chips) 
Joes361: posts small blind 10
mabeal1: posts big blind 20
*** HOLE CARDS ***
Dealt to mabeal1 [6h Td]
tonic733: folds 
Joes361: calls 10
mabeal1: checks 
*** FLOP *** [7s 9s 2s]
Joes361: checks 
mabeal1: checks 
*** TURN *** [7s 9s 2s] [2c]
Joes361: bets 40
mabeal1: folds 
Uncalled bet (40) returned to Joes361
Joes361 collected 40 from pot
Joes361: doesn't show hand 
*** SUMMARY ***
Total pot 40 | Rake 0 
Board [7s 9s 2s 2c]
Seat 1: tonic733 (button) folded before Flop (didn't bet)
Seat 2: Joes361 (small blind) collected (40)
Seat 3: mabeal1 (big blind) folded on the Turn



PokerStars Hand #259639899419: Tournament #3973190940, €0.93+€0.07 EUR Hold'em No Limit - Level I (10/20) - 2026/02/08 8:28:19 CET [2026/02/08 2:28:19 ET]
Table '3973190940 1' 3-max Seat #2 is the button
Seat 1: tonic733 (500 in chips) 
Seat 2: Joes361 (520 in chips) 
Seat 3: mabeal1 (480 in chips) 
mabeal1: posts small blind 10
tonic733: posts big blind 20
*** HOLE CARDS ***
Dealt to mabeal1 [4c 3c]
Joes361: calls 20
mabeal1: calls 10
tonic733: checks 
*** FLOP *** [6h 3s Ac]
mabeal1: checks 
tonic733: checks 
Joes361: bets 20
mabeal1: calls 20
tonic733: folds 
*** TURN *** [6h 3s Ac] [Td]
mabeal1: checks 
Joes361: bets 100
mabeal1: folds 
Uncalled bet (100) returned to Joes361
Joes361 collected 100 from pot
Joes361: doesn't show hand 
*** SUMMARY ***
Total pot 100 | Rake 0 
Board [6h 3s Ac Td]
Seat 1: tonic733 (big blind) folded on the Flop
Seat 2: Joes361 (button) collected (100)
Seat 3: mabeal1 (small blind) folded on the Turn



PokerStars Hand #259639901629: Tournament #3973190940, €0.93+€0.07 EUR Hold'em No Limit - Level I (10/20) - 2026/02/08 8:28:52 CET [2026/02/08 2:28:52 ET]
Table '3973190940 1' 3-max Seat #3 is the button
Seat 1: tonic733 (480 in chips) 
Seat 2: Joes361 (580 in chips) 
Seat 3: mabeal1 (440 in chips) 
tonic733: posts small blind 10
Joes361: posts big blind 20
*** HOLE CARDS ***
Dealt to mabeal1 [8h 9c]
mabeal1: folds 
tonic733: calls 10
Joes361: checks 
*** FLOP *** [Td 3h Tc]
tonic733: checks 
Joes361: checks 
*** TURN *** [Td 3h Tc] [Ad]
tonic733: checks 
Joes361: bets 40
tonic733: folds 
Uncalled bet (40) returned to Joes361
Joes361 collected 40 from pot
Joes361: doesn't show hand 
*** SUMMARY ***
Total pot 40 | Rake 0 
Board [Td 3h Tc Ad]
Seat 1: tonic733 (small blind) folded on the Turn
Seat 2: Joes361 (big blind) collected (40)
Seat 3: mabeal1 (button) folded before Flop (didn't bet)



PokerStars Hand #259639903357: Tournament #3973190940, €0.93+€0.07 EUR Hold'em No Limit - Level I (10/20) - 2026/02/08 8:29:18 CET [2026/02/08 2:29:18 ET]
Table '3973190940 1' 3-max Seat #1 is the button
Seat 1: tonic733 (460 in chips) 
Seat 2: Joes361 (600 in chips) 
Seat 3: mabeal1 (440 in chips) 
Joes361: posts small blind 10
mabeal1: posts big blind 20
*** HOLE CARDS ***
Dealt to mabeal1 [4d Ts]
tonic733: calls 20
Joes361: calls 10
mabeal1: checks 
*** FLOP *** [Kh 6d 5d]
Joes361: checks 
mabeal1: checks 
tonic733: bets 20
Joes361: folds 
mabeal1: raises 40 to 60
tonic733: calls 40
*** TURN *** [Kh 6d 5d] [8s]
mabeal1: checks 
tonic733: bets 90
mabeal1: folds 
Uncalled bet (90) returned to tonic733
tonic733 collected 180 from pot
*** SUMMARY ***
Total pot 180 | Rake 0 
Board [Kh 6d 5d 8s]
Seat 1: tonic733 (button) collected (180)
Seat 2: Joes361 (small blind) folded on the Flop
Seat 3: mabeal1 (big blind) folded on the Turn



PokerStars Hand #259639905687: Tournament #3973190940, €0.93+€0.07 EUR Hold'em No Limit - Level I (10/20) - 2026/02/08 8:29:53 CET [2026/02/08 2:29:53 ET]
Table '3973190940 1' 3-max Seat #2 is the button
Seat 1: tonic733 (560 in chips) 
Seat 2: Joes361 (580 in chips) 
Seat 3: mabeal1 (360 in chips) 
mabeal1: posts small blind 10
tonic733: posts big blind 20
*** HOLE CARDS ***
Dealt to mabeal1 [Kc 5d]
Joes361: calls 20
mabeal1: calls 10
tonic733: checks 
*** FLOP *** [As 6h 8h]
mabeal1: checks 
tonic733: bets 20
Joes361: folds 
mabeal1: folds 
Uncalled bet (20) returned to tonic733
tonic733 collected 60 from pot
*** SUMMARY ***
Total pot 60 | Rake 0 
Board [As 6h 8h]
Seat 1: tonic733 (big blind) collected (60)
Seat 2: Joes361 (button) folded on the Flop
Seat 3: mabeal1 (small blind) folded on the Flop



PokerStars Hand #259639907489: Tournament #3973190940, €0.93+€0.07 EUR Hold'em No Limit - Level II (15/30) - 2026/02/08 8:30:19 CET [2026/02/08 2:30:19 ET]
Table '3973190940 1' 3-max Seat #3 is the button
Seat 1: tonic733 (600 in chips) 
Seat 2: Joes361 (560 in chips) 
Seat 3: mabeal1 (340 in chips) 
tonic733: posts small blind 15
Joes361: posts big blind 30
*** HOLE CARDS ***
Dealt to mabeal1 [Ac 6d]
mabeal1: raises 310 to 340 and is all-in
tonic733: folds 
Joes361: folds 
Uncalled bet (310) returned to mabeal1
mabeal1 collected 75 from pot
mabeal1: doesn't show hand 
*** SUMMARY ***
Total pot 75 | Rake 0 
Seat 1: tonic733 (small blind) folded before Flop
Seat 2: Joes361 (big blind) folded before Flop
Seat 3: mabeal1 (button) collected (75)



PokerStars Hand #259639908163: Tournament #3973190940, €0.93+€0.07 EUR Hold'em No Limit - Level II (15/30) - 2026/02/08 8:30:28 CET [2026/02/08 2:30:28 ET]
Table '3973190940 1' 3-max Seat #1 is the button
Seat 1: tonic733 (585 in chips) 
Seat 2: Joes361 (530 in chips) 
Seat 3: mabeal1 (385 in chips) 
Joes361: posts small blind 15
mabeal1: posts big blind 30
*** HOLE CARDS ***
Dealt to mabeal1 [8d 6d]
tonic733: raises 30 to 60
Joes361: calls 45
mabeal1: calls 30
*** FLOP *** [6c 6h Qs]
Joes361: checks 
mabeal1: checks 
tonic733: checks 
*** TURN *** [6c 6h Qs] [2c]
Joes361: checks 
mabeal1: bets 90
tonic733: folds 
Joes361: folds 
Uncalled bet (90) returned to mabeal1
mabeal1 collected 180 from pot
mabeal1: doesn't show hand 
*** SUMMARY ***
Total pot 180 | Rake 0 
Board [6c 6h Qs 2c]
Seat 1: tonic733 (button) folded on the Turn
Seat 2: Joes361 (small blind) folded on the Turn
Seat 3: mabeal1 (big blind) collected (180)



PokerStars Hand #259639909903: Tournament #3973190940, €0.93+€0.07 EUR Hold'em No Limit - Level II (15/30) - 2026/02/08 8:30:53 CET [2026/02/08 2:30:53 ET]
Table '3973190940 1' 3-max Seat #2 is the button
Seat 1: tonic733 (525 in chips) 
Seat 2: Joes361 (470 in chips) 
Seat 3: mabeal1 (505 in chips) 
mabeal1: posts small blind 15
tonic733: posts big blind 30
*** HOLE CARDS ***
Dealt to mabeal1 [Jc Ac]
Joes361: calls 30
mabeal1: raises 475 to 505 and is all-in
tonic733: folds 
Joes361: folds 
Uncalled bet (475) returned to mabeal1
mabeal1 collected 90 from pot
mabeal1: doesn't show hand 
*** SUMMARY ***
Total pot 90 | Rake 0 
Seat 1: tonic733 (big blind) folded before Flop
Seat 2: Joes361 (button) folded before Flop
Seat 3: mabeal1 (small blind) collected (90)



PokerStars Hand #259639910590: Tournament #3973190940, €0.93+€0.07 EUR Hold'em No Limit - Level II (15/30) - 2026/02/08 8:31:04 CET [2026/02/08 2:31:04 ET]
Table '3973190940 1' 3-max Seat #3 is the button
Seat 1: tonic733 (495 in chips) 
Seat 2: Joes361 (440 in chips) 
Seat 3: mabeal1 (565 in chips) 
tonic733: posts small blind 15
Joes361: posts big blind 30
*** HOLE CARDS ***
Dealt to mabeal1 [Js 9s]
mabeal1: raises 30 to 60
tonic733: calls 45
Joes361: calls 30
*** FLOP *** [Kh 5s Tc]
tonic733: checks 
Joes361: checks 
mabeal1: bets 30
tonic733: calls 30
Joes361: folds 
*** TURN *** [Kh 5s Tc] [6h]
tonic733: checks 
mabeal1: bets 180
tonic733: folds 
Uncalled bet (180) returned to mabeal1
mabeal1 collected 240 from pot
mabeal1: doesn't show hand 
*** SUMMARY ***
Total pot 240 | Rake 0 
Board [Kh 5s Tc 6h]
Seat 1: tonic733 (small blind) folded on the Turn
Seat 2: Joes361 (big blind) folded on the Flop
Seat 3: mabeal1 (button) collected (240)



PokerStars Hand #259639912153: Tournament #3973190940, €0.93+€0.07 EUR Hold'em No Limit - Level II (15/30) - 2026/02/08 8:31:28 CET [2026/02/08 2:31:28 ET]
Table '3973190940 1' 3-max Seat #1 is the button
Seat 1: tonic733 (405 in chips) 
Seat 2: Joes361 (380 in chips) 
Seat 3: mabeal1 (715 in chips) 
Joes361: posts small blind 15
mabeal1: posts big blind 30
*** HOLE CARDS ***
Dealt to mabeal1 [6h Ks]
tonic733: folds 
Joes361: calls 15
mabeal1: checks 
*** FLOP *** [8d 4h 4s]
Joes361: checks 
mabeal1: checks 
*** TURN *** [8d 4h 4s] [2d]
Joes361: checks 
mabeal1: checks 
*** RIVER *** [8d 4h 4s 2d] [Qs]
Joes361: bets 30
mabeal1: calls 30
*** SHOW DOWN ***
Joes361: shows [Kd Qc] (two pair, Queens and Fours)
mabeal1: mucks hand 
Joes361 collected 120 from pot
*** SUMMARY ***
Total pot 120 | Rake 0 
Board [8d 4h 4s 2d Qs]
Seat 1: tonic733 (button) folded before Flop (didn't bet)
Seat 2: Joes361 (small blind) showed [Kd Qc] and won (120) with two pair, Queens and Fours
Seat 3: mabeal1 (big blind) mucked [6h Ks]



PokerStars Hand #259639914057: Tournament #3973190940, €0.93+€0.07 EUR Hold'em No Limit - Level II (15/30) - 2026/02/08 8:31:57 CET [2026/02/08 2:31:57 ET]
Table '3973190940 1' 3-max Seat #2 is the button
Seat 1: tonic733 (405 in chips) 
Seat 2: Joes361 (440 in chips) 
Seat 3: mabeal1 (655 in chips) 
mabeal1: posts small blind 15
tonic733: posts big blind 30
*** HOLE CARDS ***
Dealt to mabeal1 [6d 2h]
Joes361: calls 30
mabeal1: folds 
tonic733: checks 
*** FLOP *** [Ts Qc 4s]
tonic733: bets 30
Joes361: calls 30
*** TURN *** [Ts Qc 4s] [Ad]
tonic733: checks 
Joes361: checks 
*** RIVER *** [Ts Qc 4s Ad] [5h]
tonic733: bets 30
Joes361: folds 
Uncalled bet (30) returned to tonic733
tonic733 collected 135 from pot
*** SUMMARY ***
Total pot 135 | Rake 0 
Board [Ts Qc 4s Ad 5h]
Seat 1: tonic733 (big blind) collected (135)
Seat 2: Joes361 (button) folded on the River
Seat 3: mabeal1 (small blind) folded before Flop



PokerStars Hand #259639916251: Tournament #3973190940, €0.93+€0.07 EUR Hold'em No Limit - Level III (20/40) - 2026/02/08 8:32:30 CET [2026/02/08 2:32:30 ET]
Table '3973190940 1' 3-max Seat #3 is the button
Seat 1: tonic733 (480 in chips) 
Seat 2: Joes361 (380 in chips) 
Seat 3: mabeal1 (640 in chips) 
tonic733: posts small blind 20
Joes361: posts big blind 40
*** HOLE CARDS ***
Dealt to mabeal1 [Qd 5s]
mabeal1: folds 
tonic733: folds 
Uncalled bet (20) returned to Joes361
Joes361 collected 40 from pot
Joes361: doesn't show hand 
*** SUMMARY ***
Total pot 40 | Rake 0 
Seat 1: tonic733 (small blind) folded before Flop
Seat 2: Joes361 (big blind) collected (40)
Seat 3: mabeal1 (button) folded before Flop (didn't bet)



PokerStars Hand #259639917270: Tournament #3973190940, €0.93+€0.07 EUR Hold'em No Limit - Level III (20/40) - 2026/02/08 8:32:45 CET [2026/02/08 2:32:45 ET]
Table '3973190940 1' 3-max Seat #1 is the button
Seat 1: tonic733 (460 in chips) 
Seat 2: Joes361 (400 in chips) 
Seat 3: mabeal1 (640 in chips) 
Joes361: posts small blind 20
mabeal1: posts big blind 40
*** HOLE CARDS ***
Dealt to mabeal1 [4h 7h]
tonic733: folds 
Joes361: calls 20
mabeal1: checks 
*** FLOP *** [Js Jc 4d]
Joes361: checks 
mabeal1: bets 40
Joes361: folds 
Uncalled bet (40) returned to mabeal1
mabeal1 collected 80 from pot
mabeal1: doesn't show hand 
*** SUMMARY ***
Total pot 80 | Rake 0 
Board [Js Jc 4d]
Seat 1: tonic733 (button) folded before Flop (didn't bet)
Seat 2: Joes361 (small blind) folded on the Flop
Seat 3: mabeal1 (big blind) collected (80)



PokerStars Hand #259639918611: Tournament #3973190940, €0.93+€0.07 EUR Hold'em No Limit - Level III (20/40) - 2026/02/08 8:33:05 CET [2026/02/08 2:33:05 ET]
Table '3973190940 1' 3-max Seat #2 is the button
Seat 1: tonic733 (460 in chips) 
Seat 2: Joes361 (360 in chips) 
Seat 3: mabeal1 (680 in chips) 
mabeal1: posts small blind 20
tonic733: posts big blind 40
*** HOLE CARDS ***
Dealt to mabeal1 [Jc 7h]
Joes361: calls 40
mabeal1: calls 20
tonic733: checks 
*** FLOP *** [Ah 9h 6c]
mabeal1: checks 
tonic733: checks 
Joes361: bets 40
mabeal1: raises 80 to 120
tonic733: folds 
Joes361: calls 80
*** TURN *** [Ah 9h 6c] [Jd]
mabeal1: bets 200
Joes361: calls 200 and is all-in
*** RIVER *** [Ah 9h 6c Jd] [2c]
*** SHOW DOWN ***
mabeal1: shows [Jc 7h] (a pair of Jacks)
Joes361: shows [Jh Kh] (a pair of Jacks - Ace+King kicker)
Joes361 collected 760 from pot
*** SUMMARY ***
Total pot 760 | Rake 0 
Board [Ah 9h 6c Jd 2c]
Seat 1: tonic733 (big blind) folded on the Flop
Seat 2: Joes361 (button) showed [Jh Kh] and won (760) with a pair of Jacks
Seat 3: mabeal1 (small blind) showed [Jc 7h] and lost with a pair of Jacks



PokerStars Hand #259639922588: Tournament #3973190940, €0.93+€0.07 EUR Hold'em No Limit - Level IV (30/60) - 2026/02/08 8:34:06 CET [2026/02/08 2:34:06 ET]
Table '3973190940 1' 3-max Seat #3 is the button
Seat 1: tonic733 (420 in chips) 
Seat 2: Joes361 (760 in chips) 
Seat 3: mabeal1 (320 in chips) 
tonic733: posts small blind 30
Joes361: posts big blind 60
*** HOLE CARDS ***
Dealt to mabeal1 [Td 8d]
mabeal1: raises 260 to 320 and is all-in
tonic733: folds 
Joes361: folds 
Uncalled bet (260) returned to mabeal1
mabeal1 collected 150 from pot
mabeal1: doesn't show hand 
*** SUMMARY ***
Total pot 150 | Rake 0 
Seat 1: tonic733 (small blind) folded before Flop
Seat 2: Joes361 (big blind) folded before Flop
Seat 3: mabeal1 (button) collected (150)



PokerStars Hand #259639923222: Tournament #3973190940, €0.93+€0.07 EUR Hold'em No Limit - Level IV (30/60) - 2026/02/08 8:34:16 CET [2026/02/08 2:34:16 ET]
Table '3973190940 1' 3-max Seat #1 is the button
Seat 1: tonic733 (390 in chips) 
Seat 2: Joes361 (700 in chips) 
Seat 3: mabeal1 (410 in chips) 
Joes361: posts small blind 30
mabeal1: posts big blind 60
*** HOLE CARDS ***
Dealt to mabeal1 [Ks 2c]
tonic733: folds 
Joes361: calls 30
mabeal1: raises 350 to 410 and is all-in
Joes361: calls 350
*** FLOP *** [8s 3h 7h]
*** TURN *** [8s 3h 7h] [Jd]
*** RIVER *** [8s 3h 7h Jd] [Qd]
*** SHOW DOWN ***
Joes361: shows [5h Th] (high card Queen)
mabeal1: shows [Ks 2c] (high card King)
mabeal1 collected 820 from pot
*** SUMMARY ***
Total pot 820 | Rake 0 
Board [8s 3h 7h Jd Qd]
Seat 1: tonic733 (button) folded before Flop (didn't bet)
Seat 2: Joes361 (small blind) showed [5h Th] and lost with high card Queen
Seat 3: mabeal1 (big blind) showed [Ks 2c] and won (820) with high card King



PokerStars Hand #259639924735: Tournament #3973190940, €0.93+€0.07 EUR Hold'em No Limit - Level IV (30/60) - 2026/02/08 8:34:39 CET [2026/02/08 2:34:39 ET]
Table '3973190940 1' 3-max Seat #2 is the button
Seat 1: tonic733 (390 in chips) 
Seat 2: Joes361 (290 in chips) 
Seat 3: mabeal1 (820 in chips) 
mabeal1: posts small blind 30
tonic733: posts big blind 60
*** HOLE CARDS ***
Dealt to mabeal1 [5s Qc]
Joes361: calls 60
mabeal1: folds 
tonic733: checks 
*** FLOP *** [8c 3s 9d]
tonic733: checks 
Joes361: checks 
*** TURN *** [8c 3s 9d] [Jc]
tonic733: bets 60
Joes361: folds 
Uncalled bet (60) returned to tonic733
tonic733 collected 150 from pot
*** SUMMARY ***
Total pot 150 | Rake 0 
Board [8c 3s 9d Jc]
Seat 1: tonic733 (big blind) collected (150)
Seat 2: Joes361 (button) folded on the Turn
Seat 3: mabeal1 (small blind) folded before Flop



PokerStars Hand #259639926366: Tournament #3973190940, €0.93+€0.07 EUR Hold'em No Limit - Level IV (30/60) - 2026/02/08 8:35:04 CET [2026/02/08 2:35:04 ET]
Table '3973190940 1' 3-max Seat #3 is the button
Seat 1: tonic733 (480 in chips) 
Seat 2: Joes361 (230 in chips) 
Seat 3: mabeal1 (790 in chips) 
tonic733: posts small blind 30
Joes361: posts big blind 60
*** HOLE CARDS ***
Dealt to mabeal1 [3h 4c]
mabeal1: folds 
tonic733: raises 120 to 180
Joes361: raises 50 to 230 and is all-in
tonic733: calls 50
*** FLOP *** [Jd Ac Jh]
*** TURN *** [Jd Ac Jh] [Js]
*** RIVER *** [Jd Ac Jh Js] [8s]
*** SHOW DOWN ***
tonic733: shows [Kc Kh] (a full house, Jacks full of Kings)
Joes361: shows [Qs Qd] (a full house, Jacks full of Queens)
tonic733 collected 460 from pot
Joes361 finished the tournament in 3rd place
*** SUMMARY ***
Total pot 460 | Rake 0 
Board [Jd Ac Jh Js 8s]
Seat 1: tonic733 (small blind) showed [Kc Kh] and won (460) with a full house, Jacks full of Kings
Seat 2: Joes361 (big blind) showed [Qs Qd] and lost with a full house, Jacks full of Queens
Seat 3: mabeal1 (button) folded before Flop (didn't bet)



PokerStars Hand #259639927896: Tournament #3973190940, €0.93+€0.07 EUR Hold'em No Limit - Level IV (30/60) - 2026/02/08 8:35:27 CET [2026/02/08 2:35:27 ET]
Table '3973190940 1' 3-max Seat #1 is the button
Seat 1: tonic733 (710 in chips) 
Seat 3: mabeal1 (790 in chips) 
tonic733: posts small blind 30
mabeal1: posts big blind 60
*** HOLE CARDS ***
Dealt to mabeal1 [9h 7d]
tonic733: calls 30
mabeal1: checks 
*** FLOP *** [Ah Jd As]
mabeal1: checks 
tonic733: bets 60
mabeal1: folds 
Uncalled bet (60) returned to tonic733
tonic733 collected 120 from pot
*** SUMMARY ***
Total pot 120 | Rake 0 
Board [Ah Jd As]
Seat 1: tonic733 (button) (small blind) collected (120)
Seat 3: mabeal1 (big blind) folded on the Flop



PokerStars Hand #259639928618: Tournament #3973190940, €0.93+€0.07 EUR Hold'em No Limit - Level IV (30/60) - 2026/02/08 8:35:38 CET [2026/02/08 2:35:38 ET]
Table '3973190940 1' 3-max Seat #3 is the button
Seat 1: tonic733 (770 in chips) 
Seat 3: mabeal1 (730 in chips) 
mabeal1: posts small blind 30
tonic733: posts big blind 60
*** HOLE CARDS ***
Dealt to mabeal1 [Qd Th]
mabeal1: raises 60 to 120
tonic733: calls 60
*** FLOP *** [7s 3s 2s]
tonic733: checks 
mabeal1: bets 120
tonic733: folds 
Uncalled bet (120) returned to mabeal1
mabeal1 collected 240 from pot
mabeal1: doesn't show hand 
*** SUMMARY ***
Total pot 240 | Rake 0 
Board [7s 3s 2s]
Seat 1: tonic733 (big blind) folded on the Flop
Seat 3: mabeal1 (button) (small blind) collected (240)



PokerStars Hand #259639929373: Tournament #3973190940, €0.93+€0.07 EUR Hold'em No Limit - Level IV (30/60) - 2026/02/08 8:35:50 CET [2026/02/08 2:35:50 ET]
Table '3973190940 1' 3-max Seat #1 is the button
Seat 1: tonic733 (650 in chips) 
Seat 3: mabeal1 (850 in chips) 
tonic733: posts small blind 30
mabeal1: posts big blind 60
*** HOLE CARDS ***
Dealt to mabeal1 [Kd As]
tonic733: calls 30
mabeal1: raises 790 to 850 and is all-in
tonic733: folds 
Uncalled bet (790) returned to mabeal1
mabeal1 collected 120 from pot
mabeal1: doesn't show hand 
*** SUMMARY ***
Total pot 120 | Rake 0 
Seat 1: tonic733 (button) (small blind) folded before Flop
Seat 3: mabeal1 (big blind) collected (120)



PokerStars Hand #259639929890: Tournament #3973190940, €0.93+€0.07 EUR Hold'em No Limit - Level IV (30/60) - 2026/02/08 8:35:57 CET [2026/02/08 2:35:57 ET]
Table '3973190940 1' 3-max Seat #3 is the button
Seat 1: tonic733 (590 in chips) 
Seat 3: mabeal1 (910 in chips) 
mabeal1: posts small blind 30
tonic733: posts big blind 60
*** HOLE CARDS ***
Dealt to mabeal1 [Qc 4h]
mabeal1: calls 30
tonic733: checks 
*** FLOP *** [5s Th 5d]
tonic733: checks 
mabeal1: checks 
*** TURN *** [5s Th 5d] [9s]
tonic733: bets 60
mabeal1: calls 60
*** RIVER *** [5s Th 5d 9s] [6s]
tonic733: checks 
mabeal1: checks 
*** SHOW DOWN ***
tonic733: shows [Jc 2d] (a pair of Fives)
mabeal1: shows [Qc 4h] (a pair of Fives - Queen kicker)
mabeal1 collected 240 from pot
*** SUMMARY ***
Total pot 240 | Rake 0 
Board [5s Th 5d 9s 6s]
Seat 1: tonic733 (big blind) showed [Jc 2d] and lost with a pair of Fives
Seat 3: mabeal1 (button) (small blind) showed [Qc 4h] and won (240) with a pair of Fives



PokerStars Hand #259639931257: Tournament #3973190940, €0.93+€0.07 EUR Hold'em No Limit - Level V (40/80) - 2026/02/08 8:36:18 CET [2026/02/08 2:36:18 ET]
Table '3973190940 1' 3-max Seat #1 is the button
Seat 1: tonic733 (470 in chips) 
Seat 3: mabeal1 (1030 in chips) 
tonic733: posts small blind 40
mabeal1: posts big blind 80
*** HOLE CARDS ***
Dealt to mabeal1 [2h 9d]
tonic733: calls 40
mabeal1: checks 
*** FLOP *** [8c Kc 4h]
mabeal1: checks 
tonic733: checks 
*** TURN *** [8c Kc 4h] [3d]
mabeal1: bets 80
tonic733: calls 80
*** RIVER *** [8c Kc 4h 3d] [Ks]
mabeal1: checks 
tonic733: bets 240
mabeal1: folds 
Uncalled bet (240) returned to tonic733
tonic733 collected 320 from pot
*** SUMMARY ***
Total pot 320 | Rake 0 
Board [8c Kc 4h 3d Ks]
Seat 1: tonic733 (button) (small blind) collected (320)
Seat 3: mabeal1 (big blind) folded on the River



PokerStars Hand #259639932798: Tournament #3973190940, €0.93+€0.07 EUR Hold'em No Limit - Level V (40/80) - 2026/02/08 8:36:41 CET [2026/02/08 2:36:41 ET]
Table '3973190940 1' 3-max Seat #3 is the button
Seat 1: tonic733 (630 in chips) 
Seat 3: mabeal1 (870 in chips) 
mabeal1: posts small blind 40
tonic733: posts big blind 80
*** HOLE CARDS ***
Dealt to mabeal1 [Kh 8s]
mabeal1: raises 790 to 870 and is all-in
tonic733: folds 
Uncalled bet (790) returned to mabeal1
mabeal1 collected 160 from pot
mabeal1: doesn't show hand 
*** SUMMARY ***
Total pot 160 | Rake 0 
Seat 1: tonic733 (big blind) folded before Flop
Seat 3: mabeal1 (button) (small blind) collected (160)



PokerStars Hand #259639933733: Tournament #3973190940, €0.93+€0.07 EUR Hold'em No Limit - Level V (40/80) - 2026/02/08 8:36:56 CET [2026/02/08 2:36:56 ET]
Table '3973190940 1' 3-max Seat #1 is the button
Seat 1: tonic733 (550 in chips) 
Seat 3: mabeal1 (950 in chips) 
tonic733: posts small blind 40
mabeal1: posts big blind 80
*** HOLE CARDS ***
Dealt to mabeal1 [Jh 2h]
tonic733: calls 40
mabeal1: checks 
*** FLOP *** [Ks Ad 8d]
mabeal1: checks 
tonic733: checks 
*** TURN *** [Ks Ad 8d] [Ah]
mabeal1: checks 
tonic733: checks 
*** RIVER *** [Ks Ad 8d Ah] [Qh]
mabeal1: checks 
tonic733: checks 
*** SHOW DOWN ***
mabeal1: shows [Jh 2h] (a pair of Aces)
tonic733: shows [Jd 5s] (a pair of Aces)
mabeal1 collected 80 from pot
tonic733 collected 80 from pot
*** SUMMARY ***
Total pot 160 | Rake 0 
Board [Ks Ad 8d Ah Qh]
Seat 1: tonic733 (button) (small blind) showed [Jd 5s] and won (80) with a pair of Aces
Seat 3: mabeal1 (big blind) showed [Jh 2h] and won (80) with a pair of Aces



PokerStars Hand #259639935077: Tournament #3973190940, €0.93+€0.07 EUR Hold'em No Limit - Level V (40/80) - 2026/02/08 8:37:15 CET [2026/02/08 2:37:15 ET]
Table '3973190940 1' 3-max Seat #3 is the button
Seat 1: tonic733 (550 in chips) 
Seat 3: mabeal1 (950 in chips) 
mabeal1: posts small blind 40
tonic733: posts big blind 80
*** HOLE CARDS ***
Dealt to mabeal1 [5h Ah]
mabeal1: raises 870 to 950 and is all-in
tonic733: folds 
Uncalled bet (870) returned to mabeal1
mabeal1 collected 160 from pot
mabeal1: doesn't show hand 
*** SUMMARY ***
Total pot 160 | Rake 0 
Seat 1: tonic733 (big blind) folded before Flop
Seat 3: mabeal1 (button) (small blind) collected (160)



PokerStars Hand #259639935688: Tournament #3973190940, €0.93+€0.07 EUR Hold'em No Limit - Level V (40/80) - 2026/02/08 8:37:24 CET [2026/02/08 2:37:24 ET]
Table '3973190940 1' 3-max Seat #1 is the button
Seat 1: tonic733 (470 in chips) 
Seat 3: mabeal1 (1030 in chips) 
tonic733: posts small blind 40
mabeal1: posts big blind 80
*** HOLE CARDS ***
Dealt to mabeal1 [8d 2c]
tonic733: calls 40
mabeal1: checks 
*** FLOP *** [Qh 3s Kc]
mabeal1: checks 
tonic733: bets 80
mabeal1: folds 
Uncalled bet (80) returned to tonic733
tonic733 collected 160 from pot
*** SUMMARY ***
Total pot 160 | Rake 0 
Board [Qh 3s Kc]
Seat 1: tonic733 (button) (small blind) collected (160)
Seat 3: mabeal1 (big blind) folded on the Flop



PokerStars Hand #259639936341: Tournament #3973190940, €0.93+€0.07 EUR Hold'em No Limit - Level V (40/80) - 2026/02/08 8:37:34 CET [2026/02/08 2:37:34 ET]
Table '3973190940 1' 3-max Seat #3 is the button
Seat 1: tonic733 (550 in chips) 
Seat 3: mabeal1 (950 in chips) 
mabeal1: posts small blind 40
tonic733: posts big blind 80
*** HOLE CARDS ***
Dealt to mabeal1 [4d 3h]
mabeal1: folds 
Uncalled bet (40) returned to tonic733
tonic733 collected 80 from pot
*** SUMMARY ***
Total pot 80 | Rake 0 
Seat 1: tonic733 (big blind) collected (80)
Seat 3: mabeal1 (button) (small blind) folded before Flop



PokerStars Hand #259639936650: Tournament #3973190940, €0.93+€0.07 EUR Hold'em No Limit - Level V (40/80) - 2026/02/08 8:37:39 CET [2026/02/08 2:37:39 ET]
Table '3973190940 1' 3-max Seat #1 is the button
Seat 1: tonic733 (590 in chips) 
Seat 3: mabeal1 (910 in chips) 
tonic733: posts small blind 40
mabeal1: posts big blind 80
*** HOLE CARDS ***
Dealt to mabeal1 [5h 3c]
tonic733: calls 40
mabeal1: checks 
*** FLOP *** [7d 6c Td]
mabeal1: checks 
tonic733: bets 80
mabeal1: folds 
Uncalled bet (80) returned to tonic733
tonic733 collected 160 from pot
*** SUMMARY ***
Total pot 160 | Rake 0 
Board [7d 6c Td]
Seat 1: tonic733 (button) (small blind) collected (160)
Seat 3: mabeal1 (big blind) folded on the Flop



PokerStars Hand #259639937342: Tournament #3973190940, €0.93+€0.07 EUR Hold'em No Limit - Level V (40/80) - 2026/02/08 8:37:50 CET [2026/02/08 2:37:50 ET]
Table '3973190940 1' 3-max Seat #3 is the button
Seat 1: tonic733 (670 in chips) 
Seat 3: mabeal1 (830 in chips) 
mabeal1: posts small blind 40
tonic733: posts big blind 80
*** HOLE CARDS ***
Dealt to mabeal1 [5c Jd]
mabeal1: calls 40
tonic733: checks 
*** FLOP *** [8d Kh Ts]
tonic733: checks 
mabeal1: bets 80
tonic733: folds 
Uncalled bet (80) returned to mabeal1
mabeal1 collected 160 from pot
mabeal1: doesn't show hand 
*** SUMMARY ***
Total pot 160 | Rake 0 
Board [8d Kh Ts]
Seat 1: tonic733 (big blind) folded on the Flop
Seat 3: mabeal1 (button) (small blind) collected (160)



PokerStars Hand #259639938316: Tournament #3973190940, €0.93+€0.07 EUR Hold'em No Limit - Level VI (50/100) - 2026/02/08 8:38:05 CET [2026/02/08 2:38:05 ET]
Table '3973190940 1' 3-max Seat #1 is the button
Seat 1: tonic733 (590 in chips) 
Seat 3: mabeal1 (910 in chips) 
tonic733: posts small blind 50
mabeal1: posts big blind 100
*** HOLE CARDS ***
Dealt to mabeal1 [Js 7d]
tonic733: raises 490 to 590 and is all-in
mabeal1: folds 
Uncalled bet (490) returned to tonic733
tonic733 collected 200 from pot
*** SUMMARY ***
Total pot 200 | Rake 0 
Seat 1: tonic733 (button) (small blind) collected (200)
Seat 3: mabeal1 (big blind) folded before Flop



PokerStars Hand #259639938804: Tournament #3973190940, €0.93+€0.07 EUR Hold'em No Limit - Level VI (50/100) - 2026/02/08 8:38:12 CET [2026/02/08 2:38:12 ET]
Table '3973190940 1' 3-max Seat #3 is the button
Seat 1: tonic733 (690 in chips) 
Seat 3: mabeal1 (810 in chips) 
mabeal1: posts small blind 50
tonic733: posts big blind 100
*** HOLE CARDS ***
Dealt to mabeal1 [Ac 2c]
mabeal1: raises 710 to 810 and is all-in
tonic733: folds 
Uncalled bet (710) returned to mabeal1
mabeal1 collected 200 from pot
mabeal1: doesn't show hand 
*** SUMMARY ***
Total pot 200 | Rake 0 
Seat 1: tonic733 (big blind) folded before Flop
Seat 3: mabeal1 (button) (small blind) collected (200)



PokerStars Hand #259639939381: Tournament #3973190940, €0.93+€0.07 EUR Hold'em No Limit - Level VI (50/100) - 2026/02/08 8:38:21 CET [2026/02/08 2:38:21 ET]
Table '3973190940 1' 3-max Seat #1 is the button
Seat 1: tonic733 (590 in chips) 
Seat 3: mabeal1 (910 in chips) 
tonic733: posts small blind 50
mabeal1: posts big blind 100
*** HOLE CARDS ***
Dealt to mabeal1 [9s Ac]
tonic733: calls 50
mabeal1: raises 810 to 910 and is all-in
tonic733: folds 
Uncalled bet (810) returned to mabeal1
mabeal1 collected 200 from pot
mabeal1: doesn't show hand 
*** SUMMARY ***
Total pot 200 | Rake 0 
Seat 1: tonic733 (button) (small blind) folded before Flop
Seat 3: mabeal1 (big blind) collected (200)



PokerStars Hand #259639940297: Tournament #3973190940, €0.93+€0.07 EUR Hold'em No Limit - Level VI (50/100) - 2026/02/08 8:38:35 CET [2026/02/08 2:38:35 ET]
Table '3973190940 1' 3-max Seat #3 is the button
Seat 1: tonic733 (490 in chips) 
Seat 3: mabeal1 (1010 in chips) 
mabeal1: posts small blind 50
tonic733: posts big blind 100
*** HOLE CARDS ***
Dealt to mabeal1 [Kh Td]
mabeal1: raises 910 to 1010 and is all-in
tonic733: calls 390 and is all-in
Uncalled bet (520) returned to mabeal1
*** FLOP *** [8d Ts 2s]
*** TURN *** [8d Ts 2s] [7s]
*** RIVER *** [8d Ts 2s 7s] [Ac]
*** SHOW DOWN ***
tonic733: shows [Jh 9d] (a straight, Seven to Jack)
mabeal1: shows [Kh Td] (a pair of Tens)
tonic733 collected 980 from pot
*** SUMMARY ***
Total pot 980 | Rake 0 
Board [8d Ts 2s 7s Ac]
Seat 1: tonic733 (big blind) showed [Jh 9d] and won (980) with a straight, Seven to Jack
Seat 3: mabeal1 (button) (small blind) showed [Kh Td] and lost with a pair of Tens



PokerStars Hand #259639941165: Tournament #3973190940, €0.93+€0.07 EUR Hold'em No Limit - Level VI (50/100) - 2026/02/08 8:38:48 CET [2026/02/08 2:38:48 ET]
Table '3973190940 1' 3-max Seat #1 is the button
Seat 1: tonic733 (980 in chips) 
Seat 3: mabeal1 (520 in chips) 
tonic733: posts small blind 50
mabeal1: posts big blind 100
*** HOLE CARDS ***
Dealt to mabeal1 [6c 2d]
tonic733: raises 880 to 980 and is all-in
mabeal1: folds 
Uncalled bet (880) returned to tonic733
tonic733 collected 200 from pot
*** SUMMARY ***
Total pot 200 | Rake 0 
Seat 1: tonic733 (button) (small blind) collected (200)
Seat 3: mabeal1 (big blind) folded before Flop



PokerStars Hand #259639941767: Tournament #3973190940, €0.93+€0.07 EUR Hold'em No Limit - Level VI (50/100) - 2026/02/08 8:38:57 CET [2026/02/08 2:38:57 ET]
Table '3973190940 1' 3-max Seat #3 is the button
Seat 1: tonic733 (1080 in chips) 
Seat 3: mabeal1 (420 in chips) 
mabeal1: posts small blind 50
tonic733: posts big blind 100
*** HOLE CARDS ***
Dealt to mabeal1 [3c 9s]
mabeal1: folds 
Uncalled bet (50) returned to tonic733
tonic733 collected 100 from pot
*** SUMMARY ***
Total pot 100 | Rake 0 
Seat 1: tonic733 (big blind) collected (100)
Seat 3: mabeal1 (button) (small blind) folded before Flop



PokerStars Hand #259639942281: Tournament #3973190940, €0.93+€0.07 EUR Hold'em No Limit - Level VI (50/100) - 2026/02/08 8:39:05 CET [2026/02/08 2:39:05 ET]
Table '3973190940 1' 3-max Seat #1 is the button
Seat 1: tonic733 (1130 in chips) 
Seat 3: mabeal1 (370 in chips) 
tonic733: posts small blind 50
mabeal1: posts big blind 100
*** HOLE CARDS ***
Dealt to mabeal1 [Qd Kd]
tonic733: calls 50
mabeal1: raises 270 to 370 and is all-in
tonic733: folds 
Uncalled bet (270) returned to mabeal1
mabeal1 collected 200 from pot
mabeal1: doesn't show hand 
*** SUMMARY ***
Total pot 200 | Rake 0 
Seat 1: tonic733 (button) (small blind) folded before Flop
Seat 3: mabeal1 (big blind) collected (200)



