PokerStars Hand #259572485709: Tournament #3971614412, €0.93+€0.07 EUR Hold'em No Limit - Level I (10/20) - 2026/02/03 4:00:43 CET [2026/02/02 22:00:43 ET]
Table '3971614412 1' 3-max Seat #1 is the button
Seat 1: xipipoker699 (500 in chips) 
Seat 2: atila833 (500 in chips) 
Seat 3: mabeal1 (500 in chips) 
atila833: posts small blind 10
mabeal1: posts big blind 20
*** HOLE CARDS ***
Dealt to mabeal1 [5c Ks]
xipipoker699: folds 
atila833: calls 10
mabeal1: checks 
*** FLOP *** [2s 2c 5h]
atila833: checks 
mabeal1: bets 30
atila833: calls 30
*** TURN *** [2s 2c 5h] [Qc]
atila833: checks 
mabeal1: checks 
*** RIVER *** [2s 2c 5h Qc] [3d]
atila833: checks 
mabeal1: bets 50
atila833: folds 
Uncalled bet (50) returned to mabeal1
mabeal1 collected 100 from pot
mabeal1: doesn't show hand 
*** SUMMARY ***
Total pot 100 | Rake 0 
Board [2s 2c 5h Qc 3d]
Seat 1: xipipoker699 (button) folded before Flop (didn't bet)
Seat 2: atila833 (small blind) folded on the River
Seat 3: mabeal1 (big blind) collected (100)



PokerStars Hand #259572489391: Tournament #3971614412, €0.93+€0.07 EUR Hold'em No Limit - Level I (10/20) - 2026/02/03 4:01:17 CET [2026/02/02 22:01:17 ET]
Table '3971614412 1' 3-max Seat #2 is the button
Seat 1: xipipoker699 (500 in chips) 
Seat 2: atila833 (450 in chips) 
Seat 3: mabeal1 (550 in chips) 
mabeal1: posts small blind 10
xipipoker699: posts big blind 20
*** HOLE CARDS ***
Dealt to mabeal1 [Qc Ts]
atila833: folds 
mabeal1: raises 20 to 40
xipipoker699: calls 20
*** FLOP *** [Th As Qs]
mabeal1: bets 40
xipipoker699: folds 
Uncalled bet (40) returned to mabeal1
mabeal1 collected 80 from pot
mabeal1: doesn't show hand 
*** SUMMARY ***
Total pot 80 | Rake 0 
Board [Th As Qs]
Seat 1: xipipoker699 (big blind) folded on the Flop
Seat 2: atila833 (button) folded before Flop (didn't bet)
Seat 3: mabeal1 (small blind) collected (80)



PokerStars Hand #259572492119: Tournament #3971614412, €0.93+€0.07 EUR Hold'em No Limit - Level I (10/20) - 2026/02/03 4:01:42 CET [2026/02/02 22:01:42 ET]
Table '3971614412 1' 3-max Seat #3 is the button
Seat 1: xipipoker699 (460 in chips) 
Seat 2: atila833 (450 in chips) 
Seat 3: mabeal1 (590 in chips) 
xipipoker699: posts small blind 10
atila833: posts big blind 20
*** HOLE CARDS ***
Dealt to mabeal1 [5s Jh]
mabeal1: folds 
xipipoker699: folds 
Uncalled bet (10) returned to atila833
atila833 collected 20 from pot
atila833: doesn't show hand 
*** SUMMARY ***
Total pot 20 | Rake 0 
Seat 1: xipipoker699 (small blind) folded before Flop
Seat 2: atila833 (big blind) collected (20)
Seat 3: mabeal1 (button) folded before Flop (didn't bet)



PokerStars Hand #259572493376: Tournament #3971614412, €0.93+€0.07 EUR Hold'em No Limit - Level I (10/20) - 2026/02/03 4:01:53 CET [2026/02/02 22:01:53 ET]
Table '3971614412 1' 3-max Seat #1 is the button
Seat 1: xipipoker699 (450 in chips) 
Seat 2: atila833 (460 in chips) 
Seat 3: mabeal1 (590 in chips) 
atila833: posts small blind 10
mabeal1: posts big blind 20
*** HOLE CARDS ***
Dealt to mabeal1 [Kc 8s]
xipipoker699: calls 20
atila833: calls 10
mabeal1: checks 
*** FLOP *** [Qd Qs 4d]
atila833: checks 
mabeal1: checks 
xipipoker699: checks 
*** TURN *** [Qd Qs 4d] [4s]
atila833: bets 20
mabeal1: calls 20
xipipoker699: calls 20
*** RIVER *** [Qd Qs 4d 4s] [5c]
atila833: checks 
mabeal1: checks 
xipipoker699: checks 
*** SHOW DOWN ***
atila833: shows [6c Kh] (two pair, Queens and Fours)
mabeal1: shows [Kc 8s] (two pair, Queens and Fours)
xipipoker699: mucks hand 
atila833 collected 60 from pot
mabeal1 collected 60 from pot
*** SUMMARY ***
Total pot 120 | Rake 0 
Board [Qd Qs 4d 4s 5c]
Seat 1: xipipoker699 (button) mucked [Js Ts]
Seat 2: atila833 (small blind) showed [6c Kh] and won (60) with two pair, Queens and Fours
Seat 3: mabeal1 (big blind) showed [Kc 8s] and won (60) with two pair, Queens and Fours



PokerStars Hand #259572497431: Tournament #3971614412, €0.93+€0.07 EUR Hold'em No Limit - Level I (10/20) - 2026/02/03 4:02:29 CET [2026/02/02 22:02:29 ET]
Table '3971614412 1' 3-max Seat #2 is the button
Seat 1: xipipoker699 (410 in chips) 
Seat 2: atila833 (480 in chips) 
Seat 3: mabeal1 (610 in chips) 
mabeal1: posts small blind 10
xipipoker699: posts big blind 20
*** HOLE CARDS ***
Dealt to mabeal1 [3s 6d]
atila833: folds 
mabeal1: folds 
Uncalled bet (10) returned to xipipoker699
xipipoker699 collected 20 from pot
xipipoker699: doesn't show hand 
*** SUMMARY ***
Total pot 20 | Rake 0 
Seat 1: xipipoker699 (big blind) collected (20)
Seat 2: atila833 (button) folded before Flop (didn't bet)
Seat 3: mabeal1 (small blind) folded before Flop



PokerStars Hand #259572498127: Tournament #3971614412, €0.93+€0.07 EUR Hold'em No Limit - Level I (10/20) - 2026/02/03 4:02:35 CET [2026/02/02 22:02:35 ET]
Table '3971614412 1' 3-max Seat #3 is the button
Seat 1: xipipoker699 (420 in chips) 
Seat 2: atila833 (480 in chips) 
Seat 3: mabeal1 (600 in chips) 
xipipoker699: posts small blind 10
atila833: posts big blind 20
*** HOLE CARDS ***
Dealt to mabeal1 [Kd Ah]
mabeal1: raises 580 to 600 and is all-in
xipipoker699: folds 
atila833: folds 
Uncalled bet (580) returned to mabeal1
mabeal1 collected 50 from pot
mabeal1: doesn't show hand 
*** SUMMARY ***
Total pot 50 | Rake 0 
Seat 1: xipipoker699 (small blind) folded before Flop
Seat 2: atila833 (big blind) folded before Flop
Seat 3: mabeal1 (button) collected (50)



PokerStars Hand #259572499164: Tournament #3971614412, €0.93+€0.07 EUR Hold'em No Limit - Level I (10/20) - 2026/02/03 4:02:44 CET [2026/02/02 22:02:44 ET]
Table '3971614412 1' 3-max Seat #1 is the button
Seat 1: xipipoker699 (410 in chips) 
Seat 2: atila833 (460 in chips) 
Seat 3: mabeal1 (630 in chips) 
atila833: posts small blind 10
mabeal1: posts big blind 20
*** HOLE CARDS ***
Dealt to mabeal1 [Kd Ts]
xipipoker699: folds 
atila833: calls 10
mabeal1: raises 40 to 60
atila833: calls 40
*** FLOP *** [Jc Qh 8c]
atila833: checks 
mabeal1: bets 60
atila833: calls 60
*** TURN *** [Jc Qh 8c] [5s]
atila833: checks 
mabeal1: bets 180
atila833: calls 180
*** RIVER *** [Jc Qh 8c 5s] [2h]
atila833: checks 
mabeal1: checks 
*** SHOW DOWN ***
atila833: shows [7d Qs] (a pair of Queens)
mabeal1: mucks hand 
atila833 collected 600 from pot
*** SUMMARY ***
Total pot 600 | Rake 0 
Board [Jc Qh 8c 5s 2h]
Seat 1: xipipoker699 (button) folded before Flop (didn't bet)
Seat 2: atila833 (small blind) showed [7d Qs] and won (600) with a pair of Queens
Seat 3: mabeal1 (big blind) mucked [Kd Ts]



PokerStars Hand #259572504135: Tournament #3971614412, €0.93+€0.07 EUR Hold'em No Limit - Level I (10/20) - 2026/02/03 4:03:29 CET [2026/02/02 22:03:29 ET]
Table '3971614412 1' 3-max Seat #2 is the button
Seat 1: xipipoker699 (410 in chips) 
Seat 2: atila833 (760 in chips) 
Seat 3: mabeal1 (330 in chips) 
mabeal1: posts small blind 10
xipipoker699: posts big blind 20
*** HOLE CARDS ***
Dealt to mabeal1 [3d 2s]
atila833: calls 20
mabeal1: folds 
xipipoker699: raises 390 to 410 and is all-in
atila833: calls 390
*** FLOP *** [5s 4s 2d]
*** TURN *** [5s 4s 2d] [Qd]
*** RIVER *** [5s 4s 2d Qd] [7h]
*** SHOW DOWN ***
xipipoker699: shows [Ac 9h] (high card Ace)
atila833: shows [9d Td] (high card Queen)
xipipoker699 collected 830 from pot
*** SUMMARY ***
Total pot 830 | Rake 0 
Board [5s 4s 2d Qd 7h]
Seat 1: xipipoker699 (big blind) showed [Ac 9h] and won (830) with high card Ace
Seat 2: atila833 (button) showed [9d Td] and lost with high card Queen
Seat 3: mabeal1 (small blind) folded before Flop



PokerStars Hand #259572507597: Tournament #3971614412, €0.93+€0.07 EUR Hold'em No Limit - Level II (15/30) - 2026/02/03 4:04:00 CET [2026/02/02 22:04:00 ET]
Table '3971614412 1' 3-max Seat #3 is the button
Seat 1: xipipoker699 (830 in chips) 
Seat 2: atila833 (350 in chips) 
Seat 3: mabeal1 (320 in chips) 
xipipoker699: posts small blind 15
atila833: posts big blind 30
*** HOLE CARDS ***
Dealt to mabeal1 [6d Qc]
mabeal1: folds 
xipipoker699: folds 
Uncalled bet (15) returned to atila833
atila833 collected 30 from pot
atila833: doesn't show hand 
*** SUMMARY ***
Total pot 30 | Rake 0 
Seat 1: xipipoker699 (small blind) folded before Flop
Seat 2: atila833 (big blind) collected (30)
Seat 3: mabeal1 (button) folded before Flop (didn't bet)



PokerStars Hand #259572509429: Tournament #3971614412, €0.93+€0.07 EUR Hold'em No Limit - Level II (15/30) - 2026/02/03 4:04:17 CET [2026/02/02 22:04:17 ET]
Table '3971614412 1' 3-max Seat #1 is the button
Seat 1: xipipoker699 (815 in chips) 
Seat 2: atila833 (365 in chips) 
Seat 3: mabeal1 (320 in chips) 
atila833: posts small blind 15
mabeal1: posts big blind 30
*** HOLE CARDS ***
Dealt to mabeal1 [Qs Th]
xipipoker699: folds 
atila833: calls 15
mabeal1: checks 
*** FLOP *** [4d 4s 8h]
atila833: checks 
mabeal1: bets 30
atila833: calls 30
*** TURN *** [4d 4s 8h] [3c]
atila833: checks 
mabeal1: bets 90
atila833: folds 
Uncalled bet (90) returned to mabeal1
mabeal1 collected 120 from pot
mabeal1: doesn't show hand 
*** SUMMARY ***
Total pot 120 | Rake 0 
Board [4d 4s 8h 3c]
Seat 1: xipipoker699 (button) folded before Flop (didn't bet)
Seat 2: atila833 (small blind) folded on the Turn
Seat 3: mabeal1 (big blind) collected (120)



PokerStars Hand #259572512044: Tournament #3971614412, €0.93+€0.07 EUR Hold'em No Limit - Level II (15/30) - 2026/02/03 4:04:41 CET [2026/02/02 22:04:41 ET]
Table '3971614412 1' 3-max Seat #2 is the button
Seat 1: xipipoker699 (815 in chips) 
Seat 2: atila833 (305 in chips) 
Seat 3: mabeal1 (380 in chips) 
mabeal1: posts small blind 15
xipipoker699: posts big blind 30
*** HOLE CARDS ***
Dealt to mabeal1 [Jd 5s]
atila833: calls 30
mabeal1: folds 
xipipoker699: raises 785 to 815 and is all-in
atila833: calls 275 and is all-in
Uncalled bet (510) returned to xipipoker699
*** FLOP *** [4c Kh 8d]
*** TURN *** [4c Kh 8d] [Td]
*** RIVER *** [4c Kh 8d Td] [Ts]
*** SHOW DOWN ***
xipipoker699: shows [Qs Qd] (two pair, Queens and Tens)
atila833: shows [6d Qc] (a pair of Tens)
xipipoker699 collected 625 from pot
atila833 finished the tournament in 3rd place
*** SUMMARY ***
Total pot 625 | Rake 0 
Board [4c Kh 8d Td Ts]
Seat 1: xipipoker699 (big blind) showed [Qs Qd] and won (625) with two pair, Queens and Tens
Seat 2: atila833 (button) showed [6d Qc] and lost with a pair of Tens
Seat 3: mabeal1 (small blind) folded before Flop



PokerStars Hand #259572515013: Tournament #3971614412, €0.93+€0.07 EUR Hold'em No Limit - Level II (15/30) - 2026/02/03 4:05:07 CET [2026/02/02 22:05:07 ET]
Table '3971614412 1' 3-max Seat #1 is the button
Seat 1: xipipoker699 (1135 in chips) 
Seat 3: mabeal1 (365 in chips) 
xipipoker699: posts small blind 15
mabeal1: posts big blind 30
*** HOLE CARDS ***
Dealt to mabeal1 [Jh 4s]
xipipoker699: raises 1105 to 1135 and is all-in
mabeal1: folds 
Uncalled bet (1105) returned to xipipoker699
xipipoker699 collected 60 from pot
xipipoker699: doesn't show hand 
*** SUMMARY ***
Total pot 60 | Rake 0 
Seat 1: xipipoker699 (button) (small blind) collected (60)
Seat 3: mabeal1 (big blind) folded before Flop



PokerStars Hand #259572516195: Tournament #3971614412, €0.93+€0.07 EUR Hold'em No Limit - Level II (15/30) - 2026/02/03 4:05:18 CET [2026/02/02 22:05:18 ET]
Table '3971614412 1' 3-max Seat #3 is the button
Seat 1: xipipoker699 (1165 in chips) 
Seat 3: mabeal1 (335 in chips) 
mabeal1: posts small blind 15
xipipoker699: posts big blind 30
*** HOLE CARDS ***
Dealt to mabeal1 [6h Ks]
mabeal1: raises 305 to 335 and is all-in
xipipoker699: folds 
Uncalled bet (305) returned to mabeal1
mabeal1 collected 60 from pot
mabeal1: doesn't show hand 
*** SUMMARY ***
Total pot 60 | Rake 0 
Seat 1: xipipoker699 (big blind) folded before Flop
Seat 3: mabeal1 (button) (small blind) collected (60)



PokerStars Hand #259572517503: Tournament #3971614412, €0.93+€0.07 EUR Hold'em No Limit - Level II (15/30) - 2026/02/03 4:05:29 CET [2026/02/02 22:05:29 ET]
Table '3971614412 1' 3-max Seat #1 is the button
Seat 1: xipipoker699 (1135 in chips) 
Seat 3: mabeal1 (365 in chips) 
xipipoker699: posts small blind 15
mabeal1: posts big blind 30
*** HOLE CARDS ***
Dealt to mabeal1 [3s Ts]
xipipoker699: raises 1105 to 1135 and is all-in
mabeal1: folds 
Uncalled bet (1105) returned to xipipoker699
xipipoker699 collected 60 from pot
xipipoker699: doesn't show hand 
*** SUMMARY ***
Total pot 60 | Rake 0 
Seat 1: xipipoker699 (button) (small blind) collected (60)
Seat 3: mabeal1 (big blind) folded before Flop



PokerStars Hand #259572518774: Tournament #3971614412, €0.93+€0.07 EUR Hold'em No Limit - Level II (15/30) - 2026/02/03 4:05:41 CET [2026/02/02 22:05:41 ET]
Table '3971614412 1' 3-max Seat #3 is the button
Seat 1: xipipoker699 (1165 in chips) 
Seat 3: mabeal1 (335 in chips) 
mabeal1: posts small blind 15
xipipoker699: posts big blind 30
*** HOLE CARDS ***
Dealt to mabeal1 [9s 5c]
mabeal1: folds 
Uncalled bet (15) returned to xipipoker699
xipipoker699 collected 30 from pot
xipipoker699: doesn't show hand 
*** SUMMARY ***
Total pot 30 | Rake 0 
Seat 1: xipipoker699 (big blind) collected (30)
Seat 3: mabeal1 (button) (small blind) folded before Flop



PokerStars Hand #259572519268: Tournament #3971614412, €0.93+€0.07 EUR Hold'em No Limit - Level II (15/30) - 2026/02/03 4:05:45 CET [2026/02/02 22:05:45 ET]
Table '3971614412 1' 3-max Seat #1 is the button
Seat 1: xipipoker699 (1180 in chips) 
Seat 3: mabeal1 (320 in chips) 
xipipoker699: posts small blind 15
mabeal1: posts big blind 30
*** HOLE CARDS ***
Dealt to mabeal1 [5h 8h]
xipipoker699: raises 1150 to 1180 and is all-in
mabeal1: folds 
Uncalled bet (1150) returned to xipipoker699
xipipoker699 collected 60 from pot
xipipoker699: doesn't show hand 
*** SUMMARY ***
Total pot 60 | Rake 0 
Seat 1: xipipoker699 (button) (small blind) collected (60)
Seat 3: mabeal1 (big blind) folded before Flop



PokerStars Hand #259572521478: Tournament #3971614412, €0.93+€0.07 EUR Hold'em No Limit - Level II (15/30) - 2026/02/03 4:06:04 CET [2026/02/02 22:06:04 ET]
Table '3971614412 1' 3-max Seat #3 is the button
Seat 1: xipipoker699 (1210 in chips) 
Seat 3: mabeal1 (290 in chips) 
mabeal1: posts small blind 15
xipipoker699: posts big blind 30
*** HOLE CARDS ***
Dealt to mabeal1 [Tc 5h]
mabeal1: folds 
Uncalled bet (15) returned to xipipoker699
xipipoker699 collected 30 from pot
xipipoker699: doesn't show hand 
*** SUMMARY ***
Total pot 30 | Rake 0 
Seat 1: xipipoker699 (big blind) collected (30)
Seat 3: mabeal1 (button) (small blind) folded before Flop



PokerStars Hand #259572522874: Tournament #3971614412, €0.93+€0.07 EUR Hold'em No Limit - Level II (15/30) - 2026/02/03 4:06:17 CET [2026/02/02 22:06:17 ET]
Table '3971614412 1' 3-max Seat #1 is the button
Seat 1: xipipoker699 (1225 in chips) 
Seat 3: mabeal1 (275 in chips) 
xipipoker699: posts small blind 15
mabeal1: posts big blind 30
*** HOLE CARDS ***
Dealt to mabeal1 [2d Jh]
xipipoker699: folds 
Uncalled bet (15) returned to mabeal1
mabeal1 collected 30 from pot
mabeal1: doesn't show hand 
*** SUMMARY ***
Total pot 30 | Rake 0 
Seat 1: xipipoker699 (button) (small blind) folded before Flop
Seat 3: mabeal1 (big blind) collected (30)



PokerStars Hand #259572523750: Tournament #3971614412, €0.93+€0.07 EUR Hold'em No Limit - Level II (15/30) - 2026/02/03 4:06:25 CET [2026/02/02 22:06:25 ET]
Table '3971614412 1' 3-max Seat #3 is the button
Seat 1: xipipoker699 (1210 in chips) 
Seat 3: mabeal1 (290 in chips) 
mabeal1: posts small blind 15
xipipoker699: posts big blind 30
*** HOLE CARDS ***
Dealt to mabeal1 [6h 8s]
mabeal1: folds 
Uncalled bet (15) returned to xipipoker699
xipipoker699 collected 30 from pot
xipipoker699: doesn't show hand 
*** SUMMARY ***
Total pot 30 | Rake 0 
Seat 1: xipipoker699 (big blind) collected (30)
Seat 3: mabeal1 (button) (small blind) folded before Flop



PokerStars Hand #259572525379: Tournament #3971614412, €0.93+€0.07 EUR Hold'em No Limit - Level II (15/30) - 2026/02/03 4:06:40 CET [2026/02/02 22:06:40 ET]
Table '3971614412 1' 3-max Seat #1 is the button
Seat 1: xipipoker699 (1225 in chips) 
Seat 3: mabeal1 (275 in chips) 
xipipoker699: posts small blind 15
mabeal1: posts big blind 30
*** HOLE CARDS ***
Dealt to mabeal1 [5c Kc]
xipipoker699: folds 
Uncalled bet (15) returned to mabeal1
mabeal1 collected 30 from pot
mabeal1: doesn't show hand 
*** SUMMARY ***
Total pot 30 | Rake 0 
Seat 1: xipipoker699 (button) (small blind) folded before Flop
Seat 3: mabeal1 (big blind) collected (30)



PokerStars Hand #259572526433: Tournament #3971614412, €0.93+€0.07 EUR Hold'em No Limit - Level III (20/40) - 2026/02/03 4:06:49 CET [2026/02/02 22:06:49 ET]
Table '3971614412 1' 3-max Seat #3 is the button
Seat 1: xipipoker699 (1210 in chips) 
Seat 3: mabeal1 (290 in chips) 
mabeal1: posts small blind 20
xipipoker699: posts big blind 40
*** HOLE CARDS ***
Dealt to mabeal1 [Ah 8d]
mabeal1: raises 250 to 290 and is all-in
xipipoker699: folds 
Uncalled bet (250) returned to mabeal1
mabeal1 collected 80 from pot
mabeal1: doesn't show hand 
*** SUMMARY ***
Total pot 80 | Rake 0 
Seat 1: xipipoker699 (big blind) folded before Flop
Seat 3: mabeal1 (button) (small blind) collected (80)



PokerStars Hand #259572527079: Tournament #3971614412, €0.93+€0.07 EUR Hold'em No Limit - Level III (20/40) - 2026/02/03 4:06:55 CET [2026/02/02 22:06:55 ET]
Table '3971614412 1' 3-max Seat #1 is the button
Seat 1: xipipoker699 (1170 in chips) 
Seat 3: mabeal1 (330 in chips) 
xipipoker699: posts small blind 20
mabeal1: posts big blind 40
*** HOLE CARDS ***
Dealt to mabeal1 [5c 7h]
xipipoker699: calls 20
mabeal1: checks 
*** FLOP *** [Qc 5d 2s]
mabeal1: bets 290 and is all-in
xipipoker699: calls 290
*** TURN *** [Qc 5d 2s] [Tc]
*** RIVER *** [Qc 5d 2s Tc] [2h]
*** SHOW DOWN ***
mabeal1: shows [5c 7h] (two pair, Fives and Deuces)
xipipoker699: shows [5h 6s] (two pair, Fives and Deuces)
mabeal1 collected 330 from pot
xipipoker699 collected 330 from pot
*** SUMMARY ***
Total pot 660 | Rake 0 
Board [Qc 5d 2s Tc 2h]
Seat 1: xipipoker699 (button) (small blind) showed [5h 6s] and won (330) with two pair, Fives and Deuces
Seat 3: mabeal1 (big blind) showed [5c 7h] and won (330) with two pair, Fives and Deuces



PokerStars Hand #259572528971: Tournament #3971614412, €0.93+€0.07 EUR Hold'em No Limit - Level III (20/40) - 2026/02/03 4:07:13 CET [2026/02/02 22:07:13 ET]
Table '3971614412 1' 3-max Seat #3 is the button
Seat 1: xipipoker699 (1170 in chips) 
Seat 3: mabeal1 (330 in chips) 
mabeal1: posts small blind 20
xipipoker699: posts big blind 40
*** HOLE CARDS ***
Dealt to mabeal1 [5s 3d]
mabeal1: folds 
Uncalled bet (20) returned to xipipoker699
xipipoker699 collected 40 from pot
xipipoker699: doesn't show hand 
*** SUMMARY ***
Total pot 40 | Rake 0 
Seat 1: xipipoker699 (big blind) collected (40)
Seat 3: mabeal1 (button) (small blind) folded before Flop



PokerStars Hand #259572529723: Tournament #3971614412, €0.93+€0.07 EUR Hold'em No Limit - Level III (20/40) - 2026/02/03 4:07:20 CET [2026/02/02 22:07:20 ET]
Table '3971614412 1' 3-max Seat #1 is the button
Seat 1: xipipoker699 (1190 in chips) 
Seat 3: mabeal1 (310 in chips) 
xipipoker699: posts small blind 20
mabeal1: posts big blind 40
*** HOLE CARDS ***
Dealt to mabeal1 [Jc 5s]
xipipoker699: calls 20
mabeal1: checks 
*** FLOP *** [4h Kd 7d]
mabeal1: checks 
xipipoker699: checks 
*** TURN *** [4h Kd 7d] [2d]
mabeal1: checks 
xipipoker699: checks 
*** RIVER *** [4h Kd 7d 2d] [3s]
mabeal1: checks 
mabeal1 has returned
xipipoker699: checks 
*** SHOW DOWN ***
mabeal1: shows [Jc 5s] (high card King)
xipipoker699: shows [Ks 4s] (two pair, Kings and Fours)
xipipoker699 collected 80 from pot
*** SUMMARY ***
Total pot 80 | Rake 0 
Board [4h Kd 7d 2d 3s]
Seat 1: xipipoker699 (button) (small blind) showed [Ks 4s] and won (80) with two pair, Kings and Fours
Seat 3: mabeal1 (big blind) showed [Jc 5s] and lost with high card King



PokerStars Hand #259572535236: Tournament #3971614412, €0.93+€0.07 EUR Hold'em No Limit - Level III (20/40) - 2026/02/03 4:08:09 CET [2026/02/02 22:08:09 ET]
Table '3971614412 1' 3-max Seat #3 is the button
Seat 1: xipipoker699 (1230 in chips) 
Seat 3: mabeal1 (270 in chips) 
mabeal1: posts small blind 20
xipipoker699: posts big blind 40
*** HOLE CARDS ***
Dealt to mabeal1 [Js 2c]
mabeal1: folds 
Uncalled bet (20) returned to xipipoker699
xipipoker699 collected 40 from pot
xipipoker699: doesn't show hand 
*** SUMMARY ***
Total pot 40 | Rake 0 
Seat 1: xipipoker699 (big blind) collected (40)
Seat 3: mabeal1 (button) (small blind) folded before Flop



PokerStars Hand #259572536486: Tournament #3971614412, €0.93+€0.07 EUR Hold'em No Limit - Level III (20/40) - 2026/02/03 4:08:21 CET [2026/02/02 22:08:21 ET]
Table '3971614412 1' 3-max Seat #1 is the button
Seat 1: xipipoker699 (1250 in chips) 
Seat 3: mabeal1 (250 in chips) 
xipipoker699: posts small blind 20
mabeal1: posts big blind 40
*** HOLE CARDS ***
Dealt to mabeal1 [Th 2s]
xipipoker699 has timed out
xipipoker699: folds 
xipipoker699 is sitting out
Uncalled bet (20) returned to mabeal1
mabeal1 collected 40 from pot
mabeal1: doesn't show hand 
*** SUMMARY ***
Total pot 40 | Rake 0 
Seat 1: xipipoker699 (button) (small blind) folded before Flop
Seat 3: mabeal1 (big blind) collected (40)



PokerStars Hand #259572538699: Tournament #3971614412, €0.93+€0.07 EUR Hold'em No Limit - Level III (20/40) - 2026/02/03 4:08:41 CET [2026/02/02 22:08:41 ET]
Table '3971614412 1' 3-max Seat #3 is the button
Seat 1: xipipoker699 (1230 in chips) is sitting out
Seat 3: mabeal1 (270 in chips) 
mabeal1: posts small blind 20
xipipoker699: posts big blind 40
*** HOLE CARDS ***
Dealt to mabeal1 [6d 9s]
mabeal1: calls 20
xipipoker699: folds 
mabeal1 collected 80 from pot
mabeal1: doesn't show hand 
*** SUMMARY ***
Total pot 80 | Rake 0 
Seat 1: xipipoker699 (big blind) folded before Flop
Seat 3: mabeal1 (button) (small blind) collected (80)



PokerStars Hand #259572539176: Tournament #3971614412, €0.93+€0.07 EUR Hold'em No Limit - Level III (20/40) - 2026/02/03 4:08:45 CET [2026/02/02 22:08:45 ET]
Table '3971614412 1' 3-max Seat #1 is the button
Seat 1: xipipoker699 (1190 in chips) is sitting out
Seat 3: mabeal1 (310 in chips) 
xipipoker699: posts small blind 20
mabeal1: posts big blind 40
*** HOLE CARDS ***
Dealt to mabeal1 [9d Tc]
xipipoker699: folds 
Uncalled bet (20) returned to mabeal1
mabeal1 collected 40 from pot
mabeal1: doesn't show hand 
*** SUMMARY ***
Total pot 40 | Rake 0 
Seat 1: xipipoker699 (button) (small blind) folded before Flop
Seat 3: mabeal1 (big blind) collected (40)



PokerStars Hand #259572539358: Tournament #3971614412, €0.93+€0.07 EUR Hold'em No Limit - Level III (20/40) - 2026/02/03 4:08:47 CET [2026/02/02 22:08:47 ET]
Table '3971614412 1' 3-max Seat #3 is the button
Seat 1: xipipoker699 (1170 in chips) is sitting out
Seat 3: mabeal1 (330 in chips) 
mabeal1: posts small blind 20
xipipoker699: posts big blind 40
*** HOLE CARDS ***
Dealt to mabeal1 [3h 2d]
mabeal1: calls 20
xipipoker699: folds 
mabeal1 collected 80 from pot
mabeal1: doesn't show hand 
*** SUMMARY ***
Total pot 80 | Rake 0 
Seat 1: xipipoker699 (big blind) folded before Flop
Seat 3: mabeal1 (button) (small blind) collected (80)



PokerStars Hand #259572539964: Tournament #3971614412, €0.93+€0.07 EUR Hold'em No Limit - Level III (20/40) - 2026/02/03 4:08:52 CET [2026/02/02 22:08:52 ET]
Table '3971614412 1' 3-max Seat #1 is the button
Seat 1: xipipoker699 (1130 in chips) is sitting out
Seat 3: mabeal1 (370 in chips) 
xipipoker699: posts small blind 20
mabeal1: posts big blind 40
*** HOLE CARDS ***
Dealt to mabeal1 [Jh 7c]
xipipoker699: folds 
Uncalled bet (20) returned to mabeal1
mabeal1 collected 40 from pot
xipipoker699 has returned
mabeal1: doesn't show hand 
*** SUMMARY ***
Total pot 40 | Rake 0 
Seat 1: xipipoker699 (button) (small blind) folded before Flop
Seat 3: mabeal1 (big blind) collected (40)



PokerStars Hand #259572540168: Tournament #3971614412, €0.93+€0.07 EUR Hold'em No Limit - Level III (20/40) - 2026/02/03 4:08:54 CET [2026/02/02 22:08:54 ET]
Table '3971614412 1' 3-max Seat #3 is the button
Seat 1: xipipoker699 (1110 in chips) 
Seat 3: mabeal1 (390 in chips) 
mabeal1: posts small blind 20
xipipoker699: posts big blind 40
*** HOLE CARDS ***
Dealt to mabeal1 [6d 6h]
mabeal1: calls 20
xipipoker699: checks 
*** FLOP *** [Ks 2c Th]
xipipoker699: checks 
mabeal1: bets 40
xipipoker699: calls 40
*** TURN *** [Ks 2c Th] [Ah]
xipipoker699: checks 
mabeal1: checks 
*** RIVER *** [Ks 2c Th Ah] [6c]
xipipoker699: checks 
mabeal1: bets 310 and is all-in
xipipoker699: folds 
Uncalled bet (310) returned to mabeal1
mabeal1 collected 160 from pot
mabeal1: doesn't show hand 
*** SUMMARY ***
Total pot 160 | Rake 0 
Board [Ks 2c Th Ah 6c]
Seat 1: xipipoker699 (big blind) folded on the River
Seat 3: mabeal1 (button) (small blind) collected (160)



PokerStars Hand #259572543157: Tournament #3971614412, €0.93+€0.07 EUR Hold'em No Limit - Level III (20/40) - 2026/02/03 4:09:21 CET [2026/02/02 22:09:21 ET]
Table '3971614412 1' 3-max Seat #1 is the button
Seat 1: xipipoker699 (1030 in chips) 
Seat 3: mabeal1 (470 in chips) 
xipipoker699: posts small blind 20
mabeal1: posts big blind 40
*** HOLE CARDS ***
Dealt to mabeal1 [As Js]
xipipoker699: folds 
Uncalled bet (20) returned to mabeal1
mabeal1 collected 40 from pot
mabeal1: doesn't show hand 
*** SUMMARY ***
Total pot 40 | Rake 0 
Seat 1: xipipoker699 (button) (small blind) folded before Flop
Seat 3: mabeal1 (big blind) collected (40)



PokerStars Hand #259572543942: Tournament #3971614412, €0.93+€0.07 EUR Hold'em No Limit - Level III (20/40) - 2026/02/03 4:09:28 CET [2026/02/02 22:09:28 ET]
Table '3971614412 1' 3-max Seat #3 is the button
Seat 1: xipipoker699 (1010 in chips) 
Seat 3: mabeal1 (490 in chips) 
mabeal1: posts small blind 20
xipipoker699: posts big blind 40
*** HOLE CARDS ***
Dealt to mabeal1 [Ac 5c]
mabeal1: raises 450 to 490 and is all-in
xipipoker699: calls 450
*** FLOP *** [9s Qh 5h]
*** TURN *** [9s Qh 5h] [5s]
*** RIVER *** [9s Qh 5h 5s] [9h]
*** SHOW DOWN ***
xipipoker699: shows [2c Qc] (two pair, Queens and Nines)
mabeal1: shows [Ac 5c] (a full house, Fives full of Nines)
mabeal1 collected 980 from pot
*** SUMMARY ***
Total pot 980 | Rake 0 
Board [9s Qh 5h 5s 9h]
Seat 1: xipipoker699 (big blind) showed [2c Qc] and lost with two pair, Queens and Nines
Seat 3: mabeal1 (button) (small blind) showed [Ac 5c] and won (980) with a full house, Fives full of Nines



PokerStars Hand #259572546823: Tournament #3971614412, €0.93+€0.07 EUR Hold'em No Limit - Level IV (30/60) - 2026/02/03 4:09:54 CET [2026/02/02 22:09:54 ET]
Table '3971614412 1' 3-max Seat #1 is the button
Seat 1: xipipoker699 (520 in chips) 
Seat 3: mabeal1 (980 in chips) 
xipipoker699: posts small blind 30
mabeal1: posts big blind 60
*** HOLE CARDS ***
Dealt to mabeal1 [Qc 4s]
xipipoker699: folds 
Uncalled bet (30) returned to mabeal1
mabeal1 collected 60 from pot
mabeal1: doesn't show hand 
*** SUMMARY ***
Total pot 60 | Rake 0 
Seat 1: xipipoker699 (button) (small blind) folded before Flop
Seat 3: mabeal1 (big blind) collected (60)



PokerStars Hand #259572547858: Tournament #3971614412, €0.93+€0.07 EUR Hold'em No Limit - Level IV (30/60) - 2026/02/03 4:10:04 CET [2026/02/02 22:10:04 ET]
Table '3971614412 1' 3-max Seat #3 is the button
Seat 1: xipipoker699 (490 in chips) 
Seat 3: mabeal1 (1010 in chips) 
mabeal1: posts small blind 30
xipipoker699: posts big blind 60
*** HOLE CARDS ***
Dealt to mabeal1 [4c Ah]
mabeal1: raises 950 to 1010 and is all-in
xipipoker699: calls 430 and is all-in
Uncalled bet (520) returned to mabeal1
*** FLOP *** [5s 5h As]
*** TURN *** [5s 5h As] [3d]
*** RIVER *** [5s 5h As 3d] [8c]
*** SHOW DOWN ***
xipipoker699: shows [2s Kh] (a pair of Fives)
mabeal1: shows [4c Ah] (two pair, Aces and Fives)
mabeal1 collected 980 from pot
xipipoker699 finished the tournament in 2nd place
mabeal1 wins the tournament and receives €5.00 - congratulations!
*** SUMMARY ***
Total pot 980 | Rake 0 
Board [5s 5h As 3d 8c]
Seat 1: xipipoker699 (big blind) showed [2s Kh] and lost with a pair of Fives
Seat 3: mabeal1 (button) (small blind) showed [4c Ah] and won (980) with two pair, Aces and Fives



