PokerStars Hand #259602062260: Tournament #3972322984, €0.93+€0.07 EUR Hold'em No Limit - Level I (10/20) - 2026/02/05 16:57:08 CET [2026/02/05 10:57:08 ET]
Table '3972322984 1' 3-max Seat #1 is the button
Seat 1: mabeal1 (500 in chips) 
Seat 2: daviddof22 (500 in chips) 
Seat 3: BK1411 (500 in chips) 
daviddof22: posts small blind 10
BK1411: posts big blind 20
*** HOLE CARDS ***
Dealt to mabeal1 [Ts 8c]
mabeal1: folds 
daviddof22: calls 10
BK1411: checks 
*** FLOP *** [9d 7s 6d]
daviddof22: checks 
BK1411: bets 20
daviddof22: calls 20
*** TURN *** [9d 7s 6d] [Td]
daviddof22: checks 
BK1411: bets 20
daviddof22: calls 20
*** RIVER *** [9d 7s 6d Td] [Ks]
daviddof22: checks 
BK1411: checks 
*** SHOW DOWN ***
daviddof22: shows [4d Jd] (a flush, Jack high)
BK1411: mucks hand 
daviddof22 collected 120 from pot
*** SUMMARY ***
Total pot 120 | Rake 0 
Board [9d 7s 6d Td Ks]
Seat 1: mabeal1 (button) folded before Flop (didn't bet)
Seat 2: daviddof22 (small blind) showed [4d Jd] and won (120) with a flush, Jack high
Seat 3: BK1411 (big blind) mucked [6c Jh]



PokerStars Hand #259602067535: Tournament #3972322984, €0.93+€0.07 EUR Hold'em No Limit - Level I (10/20) - 2026/02/05 16:57:49 CET [2026/02/05 10:57:49 ET]
Table '3972322984 1' 3-max Seat #2 is the button
Seat 1: mabeal1 (500 in chips) 
Seat 2: daviddof22 (560 in chips) 
Seat 3: BK1411 (440 in chips) 
BK1411: posts small blind 10
mabeal1: posts big blind 20
*** HOLE CARDS ***
Dealt to mabeal1 [Ts 7h]
daviddof22: calls 20
BK1411: calls 10
mabeal1: checks 
*** FLOP *** [6c Kc Jh]
BK1411: checks 
mabeal1: checks 
daviddof22 has timed out
daviddof22: checks 
*** TURN *** [6c Kc Jh] [7c]
BK1411: checks 
mabeal1: checks 
daviddof22: checks 
*** RIVER *** [6c Kc Jh 7c] [7s]
BK1411: checks 
mabeal1: bets 45
daviddof22: folds 
BK1411: folds 
Uncalled bet (45) returned to mabeal1
mabeal1 collected 60 from pot
mabeal1: doesn't show hand 
*** SUMMARY ***
Total pot 60 | Rake 0 
Board [6c Kc Jh 7c 7s]
Seat 1: mabeal1 (big blind) collected (60)
Seat 2: daviddof22 (button) folded on the River
Seat 3: BK1411 (small blind) folded on the River



PokerStars Hand #259602074639: Tournament #3972322984, €0.93+€0.07 EUR Hold'em No Limit - Level I (10/20) - 2026/02/05 16:58:45 CET [2026/02/05 10:58:45 ET]
Table '3972322984 1' 3-max Seat #3 is the button
Seat 1: mabeal1 (540 in chips) 
Seat 2: daviddof22 (540 in chips) 
Seat 3: BK1411 (420 in chips) 
mabeal1: posts small blind 10
daviddof22: posts big blind 20
*** HOLE CARDS ***
Dealt to mabeal1 [2d 8c]
BK1411: raises 20 to 40
mabeal1: folds 
daviddof22: calls 20
*** FLOP *** [Js 4d Th]
daviddof22: checks 
BK1411: bets 40
daviddof22: calls 40
*** TURN *** [Js 4d Th] [5c]
daviddof22: checks 
BK1411: bets 40
daviddof22: calls 40
*** RIVER *** [Js 4d Th 5c] [9s]
daviddof22: checks 
BK1411: bets 125
daviddof22: calls 125
*** SHOW DOWN ***
BK1411: shows [Kd Qd] (a straight, Nine to King)
daviddof22: mucks hand 
BK1411 collected 500 from pot
*** SUMMARY ***
Total pot 500 | Rake 0 
Board [Js 4d Th 5c 9s]
Seat 1: mabeal1 (small blind) folded before Flop
Seat 2: daviddof22 (big blind) mucked [As 5s]
Seat 3: BK1411 (button) showed [Kd Qd] and won (500) with a straight, Nine to King



PokerStars Hand #259602079325: Tournament #3972322984, €0.93+€0.07 EUR Hold'em No Limit - Level II (15/30) - 2026/02/05 16:59:21 CET [2026/02/05 10:59:21 ET]
Table '3972322984 1' 3-max Seat #1 is the button
Seat 1: mabeal1 (530 in chips) 
Seat 2: daviddof22 (295 in chips) 
Seat 3: BK1411 (675 in chips) 
daviddof22: posts small blind 15
BK1411: posts big blind 30
*** HOLE CARDS ***
Dealt to mabeal1 [Th 4s]
mabeal1 has timed out
mabeal1: folds 
mabeal1 is sitting out
daviddof22 has timed out
daviddof22: folds 
daviddof22 is sitting out
Uncalled bet (15) returned to BK1411
BK1411 collected 30 from pot
*** SUMMARY ***
Total pot 30 | Rake 0 
Seat 1: mabeal1 (button) folded before Flop (didn't bet)
Seat 2: daviddof22 (small blind) folded before Flop
Seat 3: BK1411 (big blind) collected (30)



PokerStars Hand #259602083191: Tournament #3972322984, €0.93+€0.07 EUR Hold'em No Limit - Level II (15/30) - 2026/02/05 16:59:51 CET [2026/02/05 10:59:51 ET]
Table '3972322984 1' 3-max Seat #2 is the button
Seat 1: mabeal1 (530 in chips) is sitting out
Seat 2: daviddof22 (280 in chips) is sitting out
Seat 3: BK1411 (690 in chips) 
BK1411: posts small blind 15
mabeal1: posts big blind 30
*** HOLE CARDS ***
Dealt to mabeal1 [Ah 2s]
daviddof22: folds 
daviddof22 has returned
BK1411: calls 15
mabeal1: folds 
BK1411 collected 60 from pot
*** SUMMARY ***
Total pot 60 | Rake 0 
Seat 1: mabeal1 (big blind) folded before Flop
Seat 2: daviddof22 (button) folded before Flop (didn't bet)
Seat 3: BK1411 (small blind) collected (60)



PokerStars Hand #259602083959: Tournament #3972322984, €0.93+€0.07 EUR Hold'em No Limit - Level II (15/30) - 2026/02/05 16:59:57 CET [2026/02/05 10:59:57 ET]
Table '3972322984 1' 3-max Seat #3 is the button
Seat 1: mabeal1 (500 in chips) 
Seat 2: daviddof22 (280 in chips) 
Seat 3: BK1411 (720 in chips) 
mabeal1: posts small blind 15
daviddof22: posts big blind 30
*** HOLE CARDS ***
Dealt to mabeal1 [5d 3d]
BK1411: raises 30 to 60
mabeal1: folds 
daviddof22: calls 30
*** FLOP *** [8d Js 9d]
daviddof22: checks 
BK1411: bets 60
daviddof22: calls 60
*** TURN *** [8d Js 9d] [Tc]
daviddof22: checks 
BK1411: bets 30
daviddof22: folds 
Uncalled bet (30) returned to BK1411
BK1411 collected 255 from pot
*** SUMMARY ***
Total pot 255 | Rake 0 
Board [8d Js 9d Tc]
Seat 1: mabeal1 (small blind) folded before Flop
Seat 2: daviddof22 (big blind) folded on the Turn
Seat 3: BK1411 (button) collected (255)



PokerStars Hand #259602088108: Tournament #3972322984, €0.93+€0.07 EUR Hold'em No Limit - Level II (15/30) - 2026/02/05 17:00:28 CET [2026/02/05 11:00:28 ET]
Table '3972322984 1' 3-max Seat #1 is the button
Seat 1: mabeal1 (485 in chips) 
Seat 2: daviddof22 (160 in chips) 
Seat 3: BK1411 (855 in chips) 
daviddof22: posts small blind 15
BK1411: posts big blind 30
*** HOLE CARDS ***
Dealt to mabeal1 [2c 9s]
mabeal1: folds 
daviddof22: calls 15
BK1411: checks 
*** FLOP *** [5h Ah Kh]
daviddof22: checks 
BK1411: checks 
*** TURN *** [5h Ah Kh] [2d]
daviddof22: bets 130 and is all-in
BK1411: folds 
Uncalled bet (130) returned to daviddof22
daviddof22 collected 60 from pot
*** SUMMARY ***
Total pot 60 | Rake 0 
Board [5h Ah Kh 2d]
Seat 1: mabeal1 (button) folded before Flop (didn't bet)
Seat 2: daviddof22 (small blind) collected (60)
Seat 3: BK1411 (big blind) folded on the Turn



PokerStars Hand #259602091680: Tournament #3972322984, €0.93+€0.07 EUR Hold'em No Limit - Level II (15/30) - 2026/02/05 17:00:52 CET [2026/02/05 11:00:52 ET]
Table '3972322984 1' 3-max Seat #2 is the button
Seat 1: mabeal1 (485 in chips) 
Seat 2: daviddof22 (190 in chips) 
Seat 3: BK1411 (825 in chips) 
BK1411: posts small blind 15
mabeal1: posts big blind 30
*** HOLE CARDS ***
Dealt to mabeal1 [6h Ah]
daviddof22: calls 30
BK1411: calls 15
mabeal1: raises 455 to 485 and is all-in
daviddof22: folds 
BK1411: folds 
Uncalled bet (455) returned to mabeal1
mabeal1 collected 90 from pot
mabeal1: doesn't show hand 
*** SUMMARY ***
Total pot 90 | Rake 0 
Seat 1: mabeal1 (big blind) collected (90)
Seat 2: daviddof22 (button) folded before Flop
Seat 3: BK1411 (small blind) folded before Flop



PokerStars Hand #259602093882: Tournament #3972322984, €0.93+€0.07 EUR Hold'em No Limit - Level II (15/30) - 2026/02/05 17:01:06 CET [2026/02/05 11:01:06 ET]
Table '3972322984 1' 3-max Seat #3 is the button
Seat 1: mabeal1 (545 in chips) 
Seat 2: daviddof22 (160 in chips) 
Seat 3: BK1411 (795 in chips) 
mabeal1: posts small blind 15
daviddof22: posts big blind 30
*** HOLE CARDS ***
Dealt to mabeal1 [6h 9h]
BK1411: folds 
mabeal1: folds 
Uncalled bet (15) returned to daviddof22
daviddof22 collected 30 from pot
*** SUMMARY ***
Total pot 30 | Rake 0 
Seat 1: mabeal1 (small blind) folded before Flop
Seat 2: daviddof22 (big blind) collected (30)
Seat 3: BK1411 (button) folded before Flop (didn't bet)



PokerStars Hand #259602095560: Tournament #3972322984, €0.93+€0.07 EUR Hold'em No Limit - Level III (20/40) - 2026/02/05 17:01:17 CET [2026/02/05 11:01:17 ET]
Table '3972322984 1' 3-max Seat #1 is the button
Seat 1: mabeal1 (530 in chips) 
Seat 2: daviddof22 (175 in chips) 
Seat 3: BK1411 (795 in chips) 
daviddof22: posts small blind 20
BK1411: posts big blind 40
*** HOLE CARDS ***
Dealt to mabeal1 [7c 8c]
mabeal1: raises 40 to 80
daviddof22: calls 60
BK1411: calls 40
*** FLOP *** [Jc 4s 7s]
daviddof22: checks 
BK1411: checks 
mabeal1: bets 120
daviddof22: calls 95 and is all-in
BK1411: folds 
Uncalled bet (25) returned to mabeal1
*** TURN *** [Jc 4s 7s] [6s]
*** RIVER *** [Jc 4s 7s 6s] [9h]
*** SHOW DOWN ***
daviddof22: shows [Qc Kd] (high card King)
mabeal1: shows [7c 8c] (a pair of Sevens)
mabeal1 collected 430 from pot
daviddof22 finished the tournament in 3rd place
*** SUMMARY ***
Total pot 430 | Rake 0 
Board [Jc 4s 7s 6s 9h]
Seat 1: mabeal1 (button) showed [7c 8c] and won (430) with a pair of Sevens
Seat 2: daviddof22 (small blind) showed [Qc Kd] and lost with high card King
Seat 3: BK1411 (big blind) folded on the Flop



PokerStars Hand #259602102116: Tournament #3972322984, €0.93+€0.07 EUR Hold'em No Limit - Level III (20/40) - 2026/02/05 17:01:56 CET [2026/02/05 11:01:56 ET]
Table '3972322984 1' 3-max Seat #3 is the button
Seat 1: mabeal1 (785 in chips) 
Seat 3: BK1411 (715 in chips) 
BK1411: posts small blind 20
mabeal1: posts big blind 40
*** HOLE CARDS ***
Dealt to mabeal1 [Qc 6s]
BK1411: calls 20
mabeal1: checks 
*** FLOP *** [Jh 5h 7h]
mabeal1: checks 
BK1411: bets 40
mabeal1: folds 
Uncalled bet (40) returned to BK1411
BK1411 collected 80 from pot
*** SUMMARY ***
Total pot 80 | Rake 0 
Board [Jh 5h 7h]
Seat 1: mabeal1 (big blind) folded on the Flop
Seat 3: BK1411 (button) (small blind) collected (80)



PokerStars Hand #259602104474: Tournament #3972322984, €0.93+€0.07 EUR Hold'em No Limit - Level III (20/40) - 2026/02/05 17:02:10 CET [2026/02/05 11:02:10 ET]
Table '3972322984 1' 3-max Seat #1 is the button
Seat 1: mabeal1 (745 in chips) 
Seat 3: BK1411 (755 in chips) 
mabeal1: posts small blind 20
BK1411: posts big blind 40
*** HOLE CARDS ***
Dealt to mabeal1 [Ah Kc]
mabeal1: raises 40 to 80
BK1411: folds 
Uncalled bet (40) returned to mabeal1
mabeal1 collected 80 from pot
mabeal1: doesn't show hand 
*** SUMMARY ***
Total pot 80 | Rake 0 
Seat 1: mabeal1 (button) (small blind) collected (80)
Seat 3: BK1411 (big blind) folded before Flop



PokerStars Hand #259602105752: Tournament #3972322984, €0.93+€0.07 EUR Hold'em No Limit - Level III (20/40) - 2026/02/05 17:02:17 CET [2026/02/05 11:02:17 ET]
Table '3972322984 1' 3-max Seat #3 is the button
Seat 1: mabeal1 (785 in chips) 
Seat 3: BK1411 (715 in chips) 
BK1411: posts small blind 20
mabeal1: posts big blind 40
*** HOLE CARDS ***
Dealt to mabeal1 [Kd Ks]
BK1411: folds 
Uncalled bet (20) returned to mabeal1
mabeal1 collected 40 from pot
mabeal1: doesn't show hand 
*** SUMMARY ***
Total pot 40 | Rake 0 
Seat 1: mabeal1 (big blind) collected (40)
Seat 3: BK1411 (button) (small blind) folded before Flop



PokerStars Hand #259602106669: Tournament #3972322984, €0.93+€0.07 EUR Hold'em No Limit - Level III (20/40) - 2026/02/05 17:02:22 CET [2026/02/05 11:02:22 ET]
Table '3972322984 1' 3-max Seat #1 is the button
Seat 1: mabeal1 (805 in chips) 
Seat 3: BK1411 (695 in chips) 
mabeal1: posts small blind 20
BK1411: posts big blind 40
*** HOLE CARDS ***
Dealt to mabeal1 [Qh 8c]
mabeal1: calls 20
BK1411: checks 
*** FLOP *** [9d 4d Js]
BK1411: checks 
mabeal1: bets 40
BK1411: calls 40
*** TURN *** [9d 4d Js] [Jc]
BK1411: checks 
mabeal1: checks 
*** RIVER *** [9d 4d Js Jc] [Tc]
BK1411: checks 
mabeal1: bets 120
BK1411: folds 
Uncalled bet (120) returned to mabeal1
mabeal1 collected 160 from pot
mabeal1: doesn't show hand 
*** SUMMARY ***
Total pot 160 | Rake 0 
Board [9d 4d Js Jc Tc]
Seat 1: mabeal1 (button) (small blind) collected (160)
Seat 3: BK1411 (big blind) folded on the River



PokerStars Hand #259602111436: Tournament #3972322984, €0.93+€0.07 EUR Hold'em No Limit - Level III (20/40) - 2026/02/05 17:02:51 CET [2026/02/05 11:02:51 ET]
Table '3972322984 1' 3-max Seat #3 is the button
Seat 1: mabeal1 (885 in chips) 
Seat 3: BK1411 (615 in chips) 
BK1411: posts small blind 20
mabeal1: posts big blind 40
*** HOLE CARDS ***
Dealt to mabeal1 [2s Jc]
BK1411: calls 20
mabeal1: checks 
*** FLOP *** [9d As Kd]
mabeal1: checks 
BK1411: checks 
*** TURN *** [9d As Kd] [Jh]
mabeal1: checks 
BK1411: checks 
*** RIVER *** [9d As Kd Jh] [4c]
mabeal1: bets 40
BK1411: folds 
Uncalled bet (40) returned to mabeal1
mabeal1 collected 80 from pot
mabeal1: doesn't show hand 
*** SUMMARY ***
Total pot 80 | Rake 0 
Board [9d As Kd Jh 4c]
Seat 1: mabeal1 (big blind) collected (80)
Seat 3: BK1411 (button) (small blind) folded on the River



PokerStars Hand #259602114467: Tournament #3972322984, €0.93+€0.07 EUR Hold'em No Limit - Level III (20/40) - 2026/02/05 17:03:09 CET [2026/02/05 11:03:09 ET]
Table '3972322984 1' 3-max Seat #1 is the button
Seat 1: mabeal1 (925 in chips) 
Seat 3: BK1411 (575 in chips) 
mabeal1: posts small blind 20
BK1411: posts big blind 40
*** HOLE CARDS ***
Dealt to mabeal1 [Ah 7c]
mabeal1: raises 885 to 925 and is all-in
BK1411: calls 535 and is all-in
Uncalled bet (350) returned to mabeal1
*** FLOP *** [7h 3c 7s]
*** TURN *** [7h 3c 7s] [6s]
*** RIVER *** [7h 3c 7s 6s] [9d]
*** SHOW DOWN ***
BK1411: shows [5s 5h] (two pair, Sevens and Fives)
mabeal1: shows [Ah 7c] (three of a kind, Sevens)
mabeal1 collected 1150 from pot
BK1411 finished the tournament in 2nd place
mabeal1 wins the tournament and receives €2.00 - congratulations!
*** SUMMARY ***
Total pot 1150 | Rake 0 
Board [7h 3c 7s 6s 9d]
Seat 1: mabeal1 (button) (small blind) showed [Ah 7c] and won (1150) with three of a kind, Sevens
Seat 3: BK1411 (big blind) showed [5s 5h] and lost with two pair, Sevens and Fives



