PokerStars Hand #259577652558: Tournament #3971749332, €0.46+€0.04 EUR Hold'em No Limit - Level I (10/20) - 2026/02/03 18:01:11 CET [2026/02/03 12:01:11 ET]
Table '3971749332 1' 3-max Seat #1 is the button
Seat 1: pedronorton77 (500 in chips) 
Seat 2: Lolopco (500 in chips) 
Seat 3: mabeal1 (500 in chips) 
Lolopco: posts small blind 10
mabeal1: posts big blind 20
*** HOLE CARDS ***
Dealt to mabeal1 [Td 2c]
pedronorton77: raises 40 to 60
Lolopco: folds 
mabeal1: folds 
Uncalled bet (40) returned to pedronorton77
pedronorton77 collected 50 from pot
pedronorton77: doesn't show hand 
*** SUMMARY ***
Total pot 50 | Rake 0 
Seat 1: pedronorton77 (button) collected (50)
Seat 2: Lolopco (small blind) folded before Flop
Seat 3: mabeal1 (big blind) folded before Flop



PokerStars Hand #259577654765: Tournament #3971749332, €0.46+€0.04 EUR Hold'em No Limit - Level I (10/20) - 2026/02/03 18:01:23 CET [2026/02/03 12:01:23 ET]
Table '3971749332 1' 3-max Seat #2 is the button
Seat 1: pedronorton77 (530 in chips) 
Seat 2: Lolopco (490 in chips) 
Seat 3: mabeal1 (480 in chips) 
mabeal1: posts small blind 10
pedronorton77: posts big blind 20
*** HOLE CARDS ***
Dealt to mabeal1 [7s Jh]
Lolopco: calls 20
mabeal1: folds 
pedronorton77: raises 50 to 70
Lolopco: calls 50
*** FLOP *** [2s Ks 5h]
pedronorton77: bets 460 and is all-in
Lolopco: calls 420 and is all-in
Uncalled bet (40) returned to pedronorton77
*** TURN *** [2s Ks 5h] [Th]
*** RIVER *** [2s Ks 5h Th] [9d]
*** SHOW DOWN ***
pedronorton77: shows [8s Qs] (high card King)
Lolopco: shows [2d Kh] (two pair, Kings and Deuces)
Lolopco collected 990 from pot
*** SUMMARY ***
Total pot 990 | Rake 0 
Board [2s Ks 5h Th 9d]
Seat 1: pedronorton77 (big blind) showed [8s Qs] and lost with high card King
Seat 2: Lolopco (button) showed [2d Kh] and won (990) with two pair, Kings and Deuces
Seat 3: mabeal1 (small blind) folded before Flop



PokerStars Hand #259577661087: Tournament #3971749332, €0.46+€0.04 EUR Hold'em No Limit - Level I (10/20) - 2026/02/03 18:01:59 CET [2026/02/03 12:01:59 ET]
Table '3971749332 1' 3-max Seat #3 is the button
Seat 1: pedronorton77 (40 in chips) 
Seat 2: Lolopco (990 in chips) 
Seat 3: mabeal1 (470 in chips) 
pedronorton77: posts small blind 10
Lolopco: posts big blind 20
*** HOLE CARDS ***
Dealt to mabeal1 [Jc Qc]
mabeal1: raises 20 to 40
pedronorton77: calls 30 and is all-in
Lolopco: calls 20
*** FLOP *** [2d Kh 6h]
Lolopco: checks 
mabeal1: checks 
*** TURN *** [2d Kh 6h] [9s]
Lolopco: checks 
mabeal1: checks 
*** RIVER *** [2d Kh 6h 9s] [2h]
Lolopco: checks 
mabeal1: checks 
*** SHOW DOWN ***
pedronorton77: shows [Tc 5c] (a pair of Deuces)
Lolopco: mucks hand 
mabeal1: shows [Jc Qc] (a pair of Deuces - King+Queen kicker)
mabeal1 collected 120 from pot
pedronorton77 finished the tournament in 3rd place
*** SUMMARY ***
Total pot 120 | Rake 0 
Board [2d Kh 6h 9s 2h]
Seat 1: pedronorton77 (small blind) showed [Tc 5c] and lost with a pair of Deuces
Seat 2: Lolopco (big blind) mucked [7d 4d]
Seat 3: mabeal1 (button) showed [Jc Qc] and won (120) with a pair of Deuces



PokerStars Hand #259577666425: Tournament #3971749332, €0.46+€0.04 EUR Hold'em No Limit - Level I (10/20) - 2026/02/03 18:02:27 CET [2026/02/03 12:02:27 ET]
Table '3971749332 1' 3-max Seat #2 is the button
Seat 2: Lolopco (950 in chips) 
Seat 3: mabeal1 (550 in chips) 
Lolopco: posts small blind 10
mabeal1: posts big blind 20
*** HOLE CARDS ***
Dealt to mabeal1 [9d 3h]
Lolopco: calls 10
mabeal1: checks 
*** FLOP *** [Ks 4h Th]
mabeal1: checks 
Lolopco: bets 40
mabeal1: folds 
Uncalled bet (40) returned to Lolopco
Lolopco collected 40 from pot
*** SUMMARY ***
Total pot 40 | Rake 0 
Board [Ks 4h Th]
Seat 2: Lolopco (button) (small blind) collected (40)
Seat 3: mabeal1 (big blind) folded on the Flop



PokerStars Hand #259577669418: Tournament #3971749332, €0.46+€0.04 EUR Hold'em No Limit - Level I (10/20) - 2026/02/03 18:02:43 CET [2026/02/03 12:02:43 ET]
Table '3971749332 1' 3-max Seat #3 is the button
Seat 2: Lolopco (970 in chips) 
Seat 3: mabeal1 (530 in chips) 
mabeal1: posts small blind 10
Lolopco: posts big blind 20
*** HOLE CARDS ***
Dealt to mabeal1 [4d 5d]
mabeal1: calls 10
Lolopco: raises 40 to 60
mabeal1: calls 40
*** FLOP *** [Kh 2c 2h]
Lolopco: bets 120
mabeal1: folds 
Uncalled bet (120) returned to Lolopco
Lolopco collected 120 from pot
*** SUMMARY ***
Total pot 120 | Rake 0 
Board [Kh 2c 2h]
Seat 2: Lolopco (big blind) collected (120)
Seat 3: mabeal1 (button) (small blind) folded on the Flop



PokerStars Hand #259577673542: Tournament #3971749332, €0.46+€0.04 EUR Hold'em No Limit - Level I (10/20) - 2026/02/03 18:03:04 CET [2026/02/03 12:03:04 ET]
Table '3971749332 1' 3-max Seat #2 is the button
Seat 2: Lolopco (1030 in chips) 
Seat 3: mabeal1 (470 in chips) 
Lolopco: posts small blind 10
mabeal1: posts big blind 20
*** HOLE CARDS ***
Dealt to mabeal1 [5c 6c]
Lolopco: calls 10
mabeal1: checks 
*** FLOP *** [Kh As 8c]
mabeal1: checks 
Lolopco: checks 
*** TURN *** [Kh As 8c] [Jh]
mabeal1: bets 30
Lolopco: folds 
Uncalled bet (30) returned to mabeal1
mabeal1 collected 40 from pot
mabeal1: doesn't show hand 
*** SUMMARY ***
Total pot 40 | Rake 0 
Board [Kh As 8c Jh]
Seat 2: Lolopco (button) (small blind) folded on the Turn
Seat 3: mabeal1 (big blind) collected (40)



PokerStars Hand #259577676748: Tournament #3971749332, €0.46+€0.04 EUR Hold'em No Limit - Level I (10/20) - 2026/02/03 18:03:21 CET [2026/02/03 12:03:21 ET]
Table '3971749332 1' 3-max Seat #3 is the button
Seat 2: Lolopco (1010 in chips) 
Seat 3: mabeal1 (490 in chips) 
mabeal1: posts small blind 10
Lolopco: posts big blind 20
*** HOLE CARDS ***
Dealt to mabeal1 [2c Kc]
mabeal1: calls 10
Lolopco: checks 
*** FLOP *** [4d 6h Tc]
Lolopco: checks 
mabeal1: checks 
*** TURN *** [4d 6h Tc] [6s]
Lolopco: checks 
mabeal1: checks 
*** RIVER *** [4d 6h Tc 6s] [Td]
Lolopco: checks 
mabeal1: checks 
*** SHOW DOWN ***
Lolopco: shows [5c Kh] (two pair, Tens and Sixes)
mabeal1: shows [2c Kc] (two pair, Tens and Sixes)
Lolopco collected 20 from pot
mabeal1 collected 20 from pot
*** SUMMARY ***
Total pot 40 | Rake 0 
Board [4d 6h Tc 6s Td]
Seat 2: Lolopco (big blind) showed [5c Kh] and won (20) with two pair, Tens and Sixes
Seat 3: mabeal1 (button) (small blind) showed [2c Kc] and won (20) with two pair, Tens and Sixes



PokerStars Hand #259577681562: Tournament #3971749332, €0.46+€0.04 EUR Hold'em No Limit - Level I (10/20) - 2026/02/03 18:03:47 CET [2026/02/03 12:03:47 ET]
Table '3971749332 1' 3-max Seat #2 is the button
Seat 2: Lolopco (1010 in chips) 
Seat 3: mabeal1 (490 in chips) 
Lolopco: posts small blind 10
mabeal1: posts big blind 20
*** HOLE CARDS ***
Dealt to mabeal1 [Ad Ah]
Lolopco: calls 10
mabeal1: raises 40 to 60
Lolopco: folds 
Uncalled bet (40) returned to mabeal1
mabeal1 collected 40 from pot
mabeal1: doesn't show hand 
*** SUMMARY ***
Total pot 40 | Rake 0 
Seat 2: Lolopco (button) (small blind) folded before Flop
Seat 3: mabeal1 (big blind) collected (40)



PokerStars Hand #259577685146: Tournament #3971749332, €0.46+€0.04 EUR Hold'em No Limit - Level I (10/20) - 2026/02/03 18:04:05 CET [2026/02/03 12:04:05 ET]
Table '3971749332 1' 3-max Seat #3 is the button
Seat 2: Lolopco (990 in chips) 
Seat 3: mabeal1 (510 in chips) 
mabeal1: posts small blind 10
Lolopco: posts big blind 20
*** HOLE CARDS ***
Dealt to mabeal1 [Kc 4d]
mabeal1: calls 10
Lolopco: checks 
*** FLOP *** [Qd 3d 8d]
Lolopco: checks 
mabeal1: bets 20
Lolopco: folds 
Uncalled bet (20) returned to mabeal1
mabeal1 collected 40 from pot
mabeal1: doesn't show hand 
*** SUMMARY ***
Total pot 40 | Rake 0 
Board [Qd 3d 8d]
Seat 2: Lolopco (big blind) folded on the Flop
Seat 3: mabeal1 (button) (small blind) collected (40)



PokerStars Hand #259577688011: Tournament #3971749332, €0.46+€0.04 EUR Hold'em No Limit - Level II (15/30) - 2026/02/03 18:04:20 CET [2026/02/03 12:04:20 ET]
Table '3971749332 1' 3-max Seat #2 is the button
Seat 2: Lolopco (970 in chips) 
Seat 3: mabeal1 (530 in chips) 
Lolopco: posts small blind 15
mabeal1: posts big blind 30
*** HOLE CARDS ***
Dealt to mabeal1 [As 4s]
Lolopco: calls 15
mabeal1: raises 500 to 530 and is all-in
Lolopco: folds 
Uncalled bet (500) returned to mabeal1
mabeal1 collected 60 from pot
mabeal1: doesn't show hand 
*** SUMMARY ***
Total pot 60 | Rake 0 
Seat 2: Lolopco (button) (small blind) folded before Flop
Seat 3: mabeal1 (big blind) collected (60)



PokerStars Hand #259577689620: Tournament #3971749332, €0.46+€0.04 EUR Hold'em No Limit - Level II (15/30) - 2026/02/03 18:04:28 CET [2026/02/03 12:04:28 ET]
Table '3971749332 1' 3-max Seat #3 is the button
Seat 2: Lolopco (940 in chips) 
Seat 3: mabeal1 (560 in chips) 
mabeal1: posts small blind 15
Lolopco: posts big blind 30
*** HOLE CARDS ***
Dealt to mabeal1 [2h 9d]
mabeal1: calls 15
Lolopco: checks 
*** FLOP *** [9c 8d Td]
Lolopco: bets 30
mabeal1: calls 30
*** TURN *** [9c 8d Td] [Js]
Lolopco: bets 120
mabeal1: folds 
Uncalled bet (120) returned to Lolopco
Lolopco collected 120 from pot
*** SUMMARY ***
Total pot 120 | Rake 0 
Board [9c 8d Td Js]
Seat 2: Lolopco (big blind) collected (120)
Seat 3: mabeal1 (button) (small blind) folded on the Turn



PokerStars Hand #259577694590: Tournament #3971749332, €0.46+€0.04 EUR Hold'em No Limit - Level II (15/30) - 2026/02/03 18:04:54 CET [2026/02/03 12:04:54 ET]
Table '3971749332 1' 3-max Seat #2 is the button
Seat 2: Lolopco (1000 in chips) 
Seat 3: mabeal1 (500 in chips) 
Lolopco: posts small blind 15
mabeal1: posts big blind 30
*** HOLE CARDS ***
Dealt to mabeal1 [8d Jc]
Lolopco: calls 15
mabeal1: checks 
*** FLOP *** [Th Ac 5d]
mabeal1: checks 
Lolopco: bets 60
mabeal1: raises 60 to 120
Lolopco: folds 
Uncalled bet (60) returned to mabeal1
mabeal1 collected 180 from pot
mabeal1: doesn't show hand 
*** SUMMARY ***
Total pot 180 | Rake 0 
Board [Th Ac 5d]
Seat 2: Lolopco (button) (small blind) folded on the Flop
Seat 3: mabeal1 (big blind) collected (180)



PokerStars Hand #259577702018: Tournament #3971749332, €0.46+€0.04 EUR Hold'em No Limit - Level II (15/30) - 2026/02/03 18:05:32 CET [2026/02/03 12:05:32 ET]
Table '3971749332 1' 3-max Seat #3 is the button
Seat 2: Lolopco (910 in chips) 
Seat 3: mabeal1 (590 in chips) 
mabeal1: posts small blind 15
Lolopco: posts big blind 30
*** HOLE CARDS ***
Dealt to mabeal1 [8c 4d]
mabeal1: calls 15
Lolopco: raises 30 to 60
mabeal1: folds 
Uncalled bet (30) returned to Lolopco
Lolopco collected 60 from pot
*** SUMMARY ***
Total pot 60 | Rake 0 
Seat 2: Lolopco (big blind) collected (60)
Seat 3: mabeal1 (button) (small blind) folded before Flop



PokerStars Hand #259577704276: Tournament #3971749332, €0.46+€0.04 EUR Hold'em No Limit - Level II (15/30) - 2026/02/03 18:05:43 CET [2026/02/03 12:05:43 ET]
Table '3971749332 1' 3-max Seat #2 is the button
Seat 2: Lolopco (940 in chips) 
Seat 3: mabeal1 (560 in chips) 
Lolopco: posts small blind 15
mabeal1: posts big blind 30
*** HOLE CARDS ***
Dealt to mabeal1 [Ah Js]
Lolopco: calls 15
mabeal1: raises 30 to 60
Lolopco: calls 30
*** FLOP *** [7d 6c 4c]
mabeal1: checks 
Lolopco: bets 120
mabeal1: folds 
Uncalled bet (120) returned to Lolopco
Lolopco collected 120 from pot
*** SUMMARY ***
Total pot 120 | Rake 0 
Board [7d 6c 4c]
Seat 2: Lolopco (button) (small blind) collected (120)
Seat 3: mabeal1 (big blind) folded on the Flop



PokerStars Hand #259577708464: Tournament #3971749332, €0.46+€0.04 EUR Hold'em No Limit - Level II (15/30) - 2026/02/03 18:06:04 CET [2026/02/03 12:06:04 ET]
Table '3971749332 1' 3-max Seat #3 is the button
Seat 2: Lolopco (1000 in chips) 
Seat 3: mabeal1 (500 in chips) 
mabeal1: posts small blind 15
Lolopco: posts big blind 30
*** HOLE CARDS ***
Dealt to mabeal1 [4h 3c]
mabeal1: folds 
Uncalled bet (15) returned to Lolopco
Lolopco collected 30 from pot
*** SUMMARY ***
Total pot 30 | Rake 0 
Seat 2: Lolopco (big blind) collected (30)
Seat 3: mabeal1 (button) (small blind) folded before Flop



PokerStars Hand #259577709899: Tournament #3971749332, €0.46+€0.04 EUR Hold'em No Limit - Level II (15/30) - 2026/02/03 18:06:12 CET [2026/02/03 12:06:12 ET]
Table '3971749332 1' 3-max Seat #2 is the button
Seat 2: Lolopco (1015 in chips) 
Seat 3: mabeal1 (485 in chips) 
Lolopco: posts small blind 15
mabeal1: posts big blind 30
*** HOLE CARDS ***
Dealt to mabeal1 [6h Th]
Lolopco: raises 30 to 60
mabeal1: calls 30
*** FLOP *** [7c 3c Qs]
mabeal1: checks 
Lolopco: bets 120
mabeal1: folds 
Uncalled bet (120) returned to Lolopco
Lolopco collected 120 from pot
*** SUMMARY ***
Total pot 120 | Rake 0 
Board [7c 3c Qs]
Seat 2: Lolopco (button) (small blind) collected (120)
Seat 3: mabeal1 (big blind) folded on the Flop



PokerStars Hand #259577713071: Tournament #3971749332, €0.46+€0.04 EUR Hold'em No Limit - Level II (15/30) - 2026/02/03 18:06:28 CET [2026/02/03 12:06:28 ET]
Table '3971749332 1' 3-max Seat #3 is the button
Seat 2: Lolopco (1075 in chips) 
Seat 3: mabeal1 (425 in chips) 
mabeal1: posts small blind 15
Lolopco: posts big blind 30
*** HOLE CARDS ***
Dealt to mabeal1 [2d Jd]
mabeal1: calls 15
Lolopco: raises 60 to 90
mabeal1: calls 60
*** FLOP *** [Ad 9s Kh]
Lolopco: bets 180
mabeal1: raises 155 to 335 and is all-in
Lolopco: folds 
Uncalled bet (155) returned to mabeal1
mabeal1 collected 540 from pot
mabeal1: doesn't show hand 
*** SUMMARY ***
Total pot 540 | Rake 0 
Board [Ad 9s Kh]
Seat 2: Lolopco (big blind) folded on the Flop
Seat 3: mabeal1 (button) (small blind) collected (540)



PokerStars Hand #259577717639: Tournament #3971749332, €0.46+€0.04 EUR Hold'em No Limit - Level II (15/30) - 2026/02/03 18:06:52 CET [2026/02/03 12:06:52 ET]
Table '3971749332 1' 3-max Seat #2 is the button
Seat 2: Lolopco (805 in chips) 
Seat 3: mabeal1 (695 in chips) 
Lolopco: posts small blind 15
mabeal1: posts big blind 30
*** HOLE CARDS ***
Dealt to mabeal1 [9h 9s]
Lolopco: calls 15
mabeal1: raises 60 to 90
Lolopco: calls 60
*** FLOP *** [Jc 3s 6h]
mabeal1: checks 
Lolopco: bets 180
mabeal1: raises 425 to 605 and is all-in
Lolopco: folds 
Uncalled bet (425) returned to mabeal1
mabeal1 collected 540 from pot
mabeal1: doesn't show hand 
*** SUMMARY ***
Total pot 540 | Rake 0 
Board [Jc 3s 6h]
Seat 2: Lolopco (button) (small blind) folded on the Flop
Seat 3: mabeal1 (big blind) collected (540)



PokerStars Hand #259577722466: Tournament #3971749332, €0.46+€0.04 EUR Hold'em No Limit - Level III (20/40) - 2026/02/03 18:07:16 CET [2026/02/03 12:07:16 ET]
Table '3971749332 1' 3-max Seat #3 is the button
Seat 2: Lolopco (535 in chips) 
Seat 3: mabeal1 (965 in chips) 
mabeal1: posts small blind 20
Lolopco: posts big blind 40
*** HOLE CARDS ***
Dealt to mabeal1 [4h Ks]
mabeal1: raises 925 to 965 and is all-in
Lolopco: calls 495 and is all-in
Uncalled bet (430) returned to mabeal1
*** FLOP *** [8s As 5h]
*** TURN *** [8s As 5h] [6h]
*** RIVER *** [8s As 5h 6h] [Ah]
*** SHOW DOWN ***
Lolopco: shows [8h Th] (a flush, Ace high)
mabeal1: shows [4h Ks] (a pair of Aces)
Lolopco collected 1070 from pot
*** SUMMARY ***
Total pot 1070 | Rake 0 
Board [8s As 5h 6h Ah]
Seat 2: Lolopco (big blind) showed [8h Th] and won (1070) with a flush, Ace high
Seat 3: mabeal1 (button) (small blind) showed [4h Ks] and lost with a pair of Aces



PokerStars Hand #259577727119: Tournament #3971749332, €0.46+€0.04 EUR Hold'em No Limit - Level III (20/40) - 2026/02/03 18:07:40 CET [2026/02/03 12:07:40 ET]
Table '3971749332 1' 3-max Seat #2 is the button
Seat 2: Lolopco (1070 in chips) 
Seat 3: mabeal1 (430 in chips) 
Lolopco: posts small blind 20
mabeal1: posts big blind 40
*** HOLE CARDS ***
Dealt to mabeal1 [Kh 9d]
Lolopco: folds 
Uncalled bet (20) returned to mabeal1
mabeal1 collected 40 from pot
mabeal1: doesn't show hand 
*** SUMMARY ***
Total pot 40 | Rake 0 
Seat 2: Lolopco (button) (small blind) folded before Flop
Seat 3: mabeal1 (big blind) collected (40)



PokerStars Hand #259577728797: Tournament #3971749332, €0.46+€0.04 EUR Hold'em No Limit - Level III (20/40) - 2026/02/03 18:07:49 CET [2026/02/03 12:07:49 ET]
Table '3971749332 1' 3-max Seat #3 is the button
Seat 2: Lolopco (1050 in chips) 
Seat 3: mabeal1 (450 in chips) 
mabeal1: posts small blind 20
Lolopco: posts big blind 40
*** HOLE CARDS ***
Dealt to mabeal1 [Qc 4s]
mabeal1: calls 20
Lolopco: checks 
*** FLOP *** [9c 3s 6s]
Lolopco: bets 80
mabeal1: folds 
Uncalled bet (80) returned to Lolopco
Lolopco collected 80 from pot
*** SUMMARY ***
Total pot 80 | Rake 0 
Board [9c 3s 6s]
Seat 2: Lolopco (big blind) collected (80)
Seat 3: mabeal1 (button) (small blind) folded on the Flop



PokerStars Hand #259577731661: Tournament #3971749332, €0.46+€0.04 EUR Hold'em No Limit - Level III (20/40) - 2026/02/03 18:08:04 CET [2026/02/03 12:08:04 ET]
Table '3971749332 1' 3-max Seat #2 is the button
Seat 2: Lolopco (1090 in chips) 
Seat 3: mabeal1 (410 in chips) 
Lolopco: posts small blind 20
mabeal1: posts big blind 40
*** HOLE CARDS ***
Dealt to mabeal1 [Tc 7d]
Lolopco: calls 20
mabeal1: checks 
*** FLOP *** [7h 4d Qh]
mabeal1: checks 
Lolopco: checks 
*** TURN *** [7h 4d Qh] [5s]
mabeal1: bets 40
Lolopco: raises 160 to 200
mabeal1: folds 
Uncalled bet (160) returned to Lolopco
Lolopco collected 160 from pot
*** SUMMARY ***
Total pot 160 | Rake 0 
Board [7h 4d Qh 5s]
Seat 2: Lolopco (button) (small blind) collected (160)
Seat 3: mabeal1 (big blind) folded on the Turn



PokerStars Hand #259577735413: Tournament #3971749332, €0.46+€0.04 EUR Hold'em No Limit - Level III (20/40) - 2026/02/03 18:08:23 CET [2026/02/03 12:08:23 ET]
Table '3971749332 1' 3-max Seat #3 is the button
Seat 2: Lolopco (1170 in chips) 
Seat 3: mabeal1 (330 in chips) 
mabeal1: posts small blind 20
Lolopco: posts big blind 40
*** HOLE CARDS ***
Dealt to mabeal1 [Kh Js]
mabeal1: raises 290 to 330 and is all-in
Lolopco: folds 
Uncalled bet (290) returned to mabeal1
mabeal1 collected 80 from pot
mabeal1: doesn't show hand 
*** SUMMARY ***
Total pot 80 | Rake 0 
Seat 2: Lolopco (big blind) folded before Flop
Seat 3: mabeal1 (button) (small blind) collected (80)



PokerStars Hand #259577737748: Tournament #3971749332, €0.46+€0.04 EUR Hold'em No Limit - Level III (20/40) - 2026/02/03 18:08:35 CET [2026/02/03 12:08:35 ET]
Table '3971749332 1' 3-max Seat #2 is the button
Seat 2: Lolopco (1130 in chips) 
Seat 3: mabeal1 (370 in chips) 
Lolopco: posts small blind 20
mabeal1: posts big blind 40
*** HOLE CARDS ***
Dealt to mabeal1 [6d As]
Lolopco: folds 
Uncalled bet (20) returned to mabeal1
mabeal1 collected 40 from pot
mabeal1: doesn't show hand 
*** SUMMARY ***
Total pot 40 | Rake 0 
Seat 2: Lolopco (button) (small blind) folded before Flop
Seat 3: mabeal1 (big blind) collected (40)



PokerStars Hand #259577739056: Tournament #3971749332, €0.46+€0.04 EUR Hold'em No Limit - Level III (20/40) - 2026/02/03 18:08:42 CET [2026/02/03 12:08:42 ET]
Table '3971749332 1' 3-max Seat #3 is the button
Seat 2: Lolopco (1110 in chips) 
Seat 3: mabeal1 (390 in chips) 
mabeal1: posts small blind 20
Lolopco: posts big blind 40
*** HOLE CARDS ***
Dealt to mabeal1 [Ks 4d]
mabeal1: calls 20
Lolopco: checks 
*** FLOP *** [2h Ac 7d]
Lolopco: checks 
mabeal1: bets 350 and is all-in
Lolopco: folds 
Uncalled bet (350) returned to mabeal1
mabeal1 collected 80 from pot
mabeal1: doesn't show hand 
*** SUMMARY ***
Total pot 80 | Rake 0 
Board [2h Ac 7d]
Seat 2: Lolopco (big blind) folded on the Flop
Seat 3: mabeal1 (button) (small blind) collected (80)



PokerStars Hand #259577742053: Tournament #3971749332, €0.46+€0.04 EUR Hold'em No Limit - Level III (20/40) - 2026/02/03 18:08:57 CET [2026/02/03 12:08:57 ET]
Table '3971749332 1' 3-max Seat #2 is the button
Seat 2: Lolopco (1070 in chips) 
Seat 3: mabeal1 (430 in chips) 
Lolopco: posts small blind 20
mabeal1: posts big blind 40
*** HOLE CARDS ***
Dealt to mabeal1 [3s Jc]
Lolopco: calls 20
mabeal1: checks 
*** FLOP *** [Ad 8c 6d]
mabeal1: checks 
Lolopco: checks 
*** TURN *** [Ad 8c 6d] [Kd]
mabeal1: checks 
Lolopco: bets 80
mabeal1: folds 
Uncalled bet (80) returned to Lolopco
Lolopco collected 80 from pot
*** SUMMARY ***
Total pot 80 | Rake 0 
Board [Ad 8c 6d Kd]
Seat 2: Lolopco (button) (small blind) collected (80)
Seat 3: mabeal1 (big blind) folded on the Turn



PokerStars Hand #259577745238: Tournament #3971749332, €0.46+€0.04 EUR Hold'em No Limit - Level III (20/40) - 2026/02/03 18:09:14 CET [2026/02/03 12:09:14 ET]
Table '3971749332 1' 3-max Seat #3 is the button
Seat 2: Lolopco (1110 in chips) 
Seat 3: mabeal1 (390 in chips) 
mabeal1: posts small blind 20
Lolopco: posts big blind 40
*** HOLE CARDS ***
Dealt to mabeal1 [6s Td]
mabeal1: calls 20
Lolopco: raises 80 to 120
mabeal1: folds 
Uncalled bet (80) returned to Lolopco
Lolopco collected 80 from pot
*** SUMMARY ***
Total pot 80 | Rake 0 
Seat 2: Lolopco (big blind) collected (80)
Seat 3: mabeal1 (button) (small blind) folded before Flop



PokerStars Hand #259577747125: Tournament #3971749332, €0.46+€0.04 EUR Hold'em No Limit - Level III (20/40) - 2026/02/03 18:09:23 CET [2026/02/03 12:09:23 ET]
Table '3971749332 1' 3-max Seat #2 is the button
Seat 2: Lolopco (1150 in chips) 
Seat 3: mabeal1 (350 in chips) 
Lolopco: posts small blind 20
mabeal1: posts big blind 40
*** HOLE CARDS ***
Dealt to mabeal1 [3s 5c]
Lolopco: calls 20
mabeal1: raises 310 to 350 and is all-in
Lolopco: calls 310
*** FLOP *** [Qc 8d Ts]
*** TURN *** [Qc 8d Ts] [Qs]
*** RIVER *** [Qc 8d Ts Qs] [5d]
*** SHOW DOWN ***
mabeal1: shows [3s 5c] (two pair, Queens and Fives)
Lolopco: shows [Ah Kh] (a pair of Queens)
mabeal1 collected 700 from pot
*** SUMMARY ***
Total pot 700 | Rake 0 
Board [Qc 8d Ts Qs 5d]
Seat 2: Lolopco (button) (small blind) showed [Ah Kh] and lost with a pair of Queens
Seat 3: mabeal1 (big blind) showed [3s 5c] and won (700) with two pair, Queens and Fives



PokerStars Hand #259577750253: Tournament #3971749332, €0.46+€0.04 EUR Hold'em No Limit - Level III (20/40) - 2026/02/03 18:09:39 CET [2026/02/03 12:09:39 ET]
Table '3971749332 1' 3-max Seat #3 is the button
Seat 2: Lolopco (800 in chips) 
Seat 3: mabeal1 (700 in chips) 
mabeal1: posts small blind 20
Lolopco: posts big blind 40
*** HOLE CARDS ***
Dealt to mabeal1 [3h Js]
mabeal1: calls 20
Lolopco: checks 
*** FLOP *** [4h As 4c]
Lolopco: checks 
mabeal1: checks 
*** TURN *** [4h As 4c] [2c]
Lolopco: checks 
mabeal1: checks 
*** RIVER *** [4h As 4c 2c] [5c]
Lolopco: bets 40
mabeal1: raises 620 to 660 and is all-in
Lolopco: folds 
Uncalled bet (620) returned to mabeal1
mabeal1 collected 160 from pot
mabeal1: doesn't show hand 
*** SUMMARY ***
Total pot 160 | Rake 0 
Board [4h As 4c 2c 5c]
Seat 2: Lolopco (big blind) folded on the River
Seat 3: mabeal1 (button) (small blind) collected (160)



PokerStars Hand #259577754931: Tournament #3971749332, €0.46+€0.04 EUR Hold'em No Limit - Level III (20/40) - 2026/02/03 18:10:02 CET [2026/02/03 12:10:02 ET]
Table '3971749332 1' 3-max Seat #2 is the button
Seat 2: Lolopco (720 in chips) 
Seat 3: mabeal1 (780 in chips) 
Lolopco: posts small blind 20
mabeal1: posts big blind 40
*** HOLE CARDS ***
Dealt to mabeal1 [4h 9c]
Lolopco: calls 20
mabeal1: checks 
*** FLOP *** [Kh 6h 3c]
mabeal1: checks 
Lolopco: checks 
*** TURN *** [Kh 6h 3c] [5h]
mabeal1: bets 40
Lolopco: calls 40
*** RIVER *** [Kh 6h 3c 5h] [Js]
mabeal1: bets 120
Lolopco: folds 
Uncalled bet (120) returned to mabeal1
mabeal1 collected 160 from pot
mabeal1: doesn't show hand 
*** SUMMARY ***
Total pot 160 | Rake 0 
Board [Kh 6h 3c 5h Js]
Seat 2: Lolopco (button) (small blind) folded on the River
Seat 3: mabeal1 (big blind) collected (160)



PokerStars Hand #259577760054: Tournament #3971749332, €0.46+€0.04 EUR Hold'em No Limit - Level IV (30/60) - 2026/02/03 18:10:28 CET [2026/02/03 12:10:28 ET]
Table '3971749332 1' 3-max Seat #3 is the button
Seat 2: Lolopco (640 in chips) 
Seat 3: mabeal1 (860 in chips) 
mabeal1: posts small blind 30
Lolopco: posts big blind 60
*** HOLE CARDS ***
Dealt to mabeal1 [8c 3c]
mabeal1: calls 30
Lolopco: checks 
*** FLOP *** [9h Tc 5s]
Lolopco: bets 60
mabeal1: folds 
Uncalled bet (60) returned to Lolopco
Lolopco collected 120 from pot
*** SUMMARY ***
Total pot 120 | Rake 0 
Board [9h Tc 5s]
Seat 2: Lolopco (big blind) collected (120)
Seat 3: mabeal1 (button) (small blind) folded on the Flop



PokerStars Hand #259577762956: Tournament #3971749332, €0.46+€0.04 EUR Hold'em No Limit - Level IV (30/60) - 2026/02/03 18:10:42 CET [2026/02/03 12:10:42 ET]
Table '3971749332 1' 3-max Seat #2 is the button
Seat 2: Lolopco (700 in chips) 
Seat 3: mabeal1 (800 in chips) 
Lolopco: posts small blind 30
mabeal1: posts big blind 60
*** HOLE CARDS ***
Dealt to mabeal1 [7s 8d]
Lolopco: calls 30
mabeal1: checks 
*** FLOP *** [8c 8h 5h]
mabeal1: checks 
Lolopco: checks 
*** TURN *** [8c 8h 5h] [Td]
mabeal1: bets 60
Lolopco: calls 60
*** RIVER *** [8c 8h 5h Td] [Th]
mabeal1: bets 680 and is all-in
Lolopco: calls 580 and is all-in
Uncalled bet (100) returned to mabeal1
*** SHOW DOWN ***
mabeal1: shows [7s 8d] (a full house, Eights full of Tens)
Lolopco: shows [4d Ac] (two pair, Tens and Eights)
mabeal1 collected 1400 from pot
Lolopco finished the tournament in 2nd place
mabeal1 wins the tournament and receives €1.50 - congratulations!
*** SUMMARY ***
Total pot 1400 | Rake 0 
Board [8c 8h 5h Td Th]
Seat 2: Lolopco (button) (small blind) showed [4d Ac] and lost with two pair, Tens and Eights
Seat 3: mabeal1 (big blind) showed [7s 8d] and won (1400) with a full house, Eights full of Tens



