PokerStars Hand #259384537685: Tournament #3967304402, €0.93+€0.07 EUR Hold'em No Limit - Level I (10/20) - 2026/01/20 1:37:47 CET [2026/01/19 19:37:47 ET]
Table '3967304402 1' 3-max Seat #1 is the button
Seat 1: Dulassss (500 in chips) 
Seat 2: tuchobien (500 in chips) 
Seat 3: mabeal1 (500 in chips) 
tuchobien: posts small blind 10
mabeal1: posts big blind 20
*** HOLE CARDS ***
Dealt to mabeal1 [Kc 7c]
Dulassss: calls 20
tuchobien: calls 10
mabeal1: checks 
*** FLOP *** [7d 3h 9c]
tuchobien: bets 20
mabeal1: calls 20
Dulassss: calls 20
*** TURN *** [7d 3h 9c] [2s]
tuchobien: checks 
mabeal1: checks 
Dulassss: checks 
*** RIVER *** [7d 3h 9c 2s] [9h]
tuchobien: checks 
mabeal1: checks 
Dulassss: checks 
*** SHOW DOWN ***
tuchobien: shows [8s Tc] (a pair of Nines)
mabeal1: shows [Kc 7c] (two pair, Nines and Sevens)
Dulassss: mucks hand 
mabeal1 collected 120 from pot
*** SUMMARY ***
Total pot 120 | Rake 0 
Board [7d 3h 9c 2s 9h]
Seat 1: Dulassss (button) mucked [5c Ks]
Seat 2: tuchobien (small blind) showed [8s Tc] and lost with a pair of Nines
Seat 3: mabeal1 (big blind) showed [Kc 7c] and won (120) with two pair, Nines and Sevens



PokerStars Hand #259384542899: Tournament #3967304402, €0.93+€0.07 EUR Hold'em No Limit - Level I (10/20) - 2026/01/20 1:38:18 CET [2026/01/19 19:38:18 ET]
Table '3967304402 1' 3-max Seat #2 is the button
Seat 1: Dulassss (460 in chips) 
Seat 2: tuchobien (460 in chips) 
Seat 3: mabeal1 (580 in chips) 
mabeal1: posts small blind 10
Dulassss: posts big blind 20
*** HOLE CARDS ***
Dealt to mabeal1 [Ac 9c]
tuchobien: calls 20
mabeal1: raises 560 to 580 and is all-in
Dulassss: calls 440 and is all-in
tuchobien: calls 440 and is all-in
Uncalled bet (120) returned to mabeal1
*** FLOP *** [7c 7s 3c]
*** TURN *** [7c 7s 3c] [6s]
*** RIVER *** [7c 7s 3c 6s] [9s]
*** SHOW DOWN ***
mabeal1: shows [Ac 9c] (two pair, Nines and Sevens)
Dulassss: shows [Kh 9h] (two pair, Nines and Sevens - lower kicker)
tuchobien: shows [Jh Qh] (a pair of Sevens)
mabeal1 collected 1380 from pot
Dulassss finished the tournament in 2nd place
tuchobien finished the tournament in 2nd place
mabeal1 wins the tournament and receives €3.00 - congratulations!
*** SUMMARY ***
Total pot 1380 | Rake 0 
Board [7c 7s 3c 6s 9s]
Seat 1: Dulassss (big blind) showed [Kh 9h] and lost with two pair, Nines and Sevens
Seat 2: tuchobien (button) showed [Jh Qh] and lost with a pair of Sevens
Seat 3: mabeal1 (small blind) showed [Ac 9c] and won (1380) with two pair, Nines and Sevens



