PokerStars Hand #259429039408: Tournament #3968383692, €0.46+€0.04 EUR Hold'em No Limit - Level I (10/20) - 2026/01/23 17:19:03 CET [2026/01/23 11:19:03 ET]
Table '3968383692 1' 3-max Seat #1 is the button
Seat 1: JESSie2607 (500 in chips) 
Seat 2: mabeal1 (500 in chips) 
Seat 3: cabe1976 (500 in chips) 
mabeal1: posts small blind 10
cabe1976: posts big blind 20
*** HOLE CARDS ***
Dealt to mabeal1 [Kc 2h]
JESSie2607: folds 
mabeal1: folds 
Uncalled bet (10) returned to cabe1976
cabe1976 collected 20 from pot
cabe1976: doesn't show hand 
*** SUMMARY ***
Total pot 20 | Rake 0 
Seat 1: JESSie2607 (button) folded before Flop (didn't bet)
Seat 2: mabeal1 (small blind) folded before Flop
Seat 3: cabe1976 (big blind) collected (20)



PokerStars Hand #259429040608: Tournament #3968383692, €0.46+€0.04 EUR Hold'em No Limit - Level I (10/20) - 2026/01/23 17:19:09 CET [2026/01/23 11:19:09 ET]
Table '3968383692 1' 3-max Seat #2 is the button
Seat 1: JESSie2607 (500 in chips) 
Seat 2: mabeal1 (490 in chips) 
Seat 3: cabe1976 (510 in chips) 
cabe1976: posts small blind 10
JESSie2607: posts big blind 20
*** HOLE CARDS ***
Dealt to mabeal1 [Ac 6c]
mabeal1: calls 20
cabe1976: calls 10
JESSie2607: checks 
*** FLOP *** [Kh 3d 2h]
cabe1976: checks 
JESSie2607: checks 
mabeal1: checks 
*** TURN *** [Kh 3d 2h] [As]
cabe1976: checks 
JESSie2607: checks 
mabeal1: bets 40
cabe1976: calls 40
JESSie2607: calls 40
*** RIVER *** [Kh 3d 2h As] [Ts]
cabe1976: checks 
JESSie2607: bets 180
mabeal1: calls 180
cabe1976: folds 
*** SHOW DOWN ***
JESSie2607: shows [3c Ad] (two pair, Aces and Threes)
mabeal1: mucks hand 
JESSie2607 collected 540 from pot
*** SUMMARY ***
Total pot 540 | Rake 0 
Board [Kh 3d 2h As Ts]
Seat 1: JESSie2607 (big blind) showed [3c Ad] and won (540) with two pair, Aces and Threes
Seat 2: mabeal1 (button) mucked [Ac 6c]
Seat 3: cabe1976 (small blind) folded on the River



PokerStars Hand #259429044983: Tournament #3968383692, €0.46+€0.04 EUR Hold'em No Limit - Level I (10/20) - 2026/01/23 17:19:33 CET [2026/01/23 11:19:33 ET]
Table '3968383692 1' 3-max Seat #3 is the button
Seat 1: JESSie2607 (800 in chips) 
Seat 2: mabeal1 (250 in chips) 
Seat 3: cabe1976 (450 in chips) 
JESSie2607: posts small blind 10
mabeal1: posts big blind 20
*** HOLE CARDS ***
Dealt to mabeal1 [Th 2c]
cabe1976: calls 20
JESSie2607: folds 
mabeal1: checks 
*** FLOP *** [Jc 8c 5c]
mabeal1: checks 
cabe1976: checks 
*** TURN *** [Jc 8c 5c] [Tc]
mabeal1: checks 
cabe1976: checks 
*** RIVER *** [Jc 8c 5c Tc] [Js]
mabeal1: checks 
cabe1976: bets 50
mabeal1: calls 50
*** SHOW DOWN ***
cabe1976: shows [Ac 4s] (a flush, Ace high)
mabeal1: mucks hand 
cabe1976 collected 150 from pot
*** SUMMARY ***
Total pot 150 | Rake 0 
Board [Jc 8c 5c Tc Js]
Seat 1: JESSie2607 (small blind) folded before Flop
Seat 2: mabeal1 (big blind) mucked [Th 2c]
Seat 3: cabe1976 (button) showed [Ac 4s] and won (150) with a flush, Ace high



PokerStars Hand #259429049599: Tournament #3968383692, €0.46+€0.04 EUR Hold'em No Limit - Level I (10/20) - 2026/01/23 17:19:57 CET [2026/01/23 11:19:57 ET]
Table '3968383692 1' 3-max Seat #1 is the button
Seat 1: JESSie2607 (790 in chips) 
Seat 2: mabeal1 (180 in chips) 
Seat 3: cabe1976 (530 in chips) 
mabeal1: posts small blind 10
cabe1976: posts big blind 20
*** HOLE CARDS ***
Dealt to mabeal1 [8s 5h]
JESSie2607: folds 
mabeal1: folds 
Uncalled bet (10) returned to cabe1976
cabe1976 collected 20 from pot
cabe1976: doesn't show hand 
*** SUMMARY ***
Total pot 20 | Rake 0 
Seat 1: JESSie2607 (button) folded before Flop (didn't bet)
Seat 2: mabeal1 (small blind) folded before Flop
Seat 3: cabe1976 (big blind) collected (20)



PokerStars Hand #259429051051: Tournament #3968383692, €0.46+€0.04 EUR Hold'em No Limit - Level I (10/20) - 2026/01/23 17:20:05 CET [2026/01/23 11:20:05 ET]
Table '3968383692 1' 3-max Seat #2 is the button
Seat 1: JESSie2607 (790 in chips) 
Seat 2: mabeal1 (170 in chips) 
Seat 3: cabe1976 (540 in chips) 
cabe1976: posts small blind 10
JESSie2607: posts big blind 20
*** HOLE CARDS ***
Dealt to mabeal1 [Jh Ad]
mabeal1: raises 150 to 170 and is all-in
cabe1976: folds 
JESSie2607: folds 
Uncalled bet (150) returned to mabeal1
mabeal1 collected 50 from pot
mabeal1: doesn't show hand 
*** SUMMARY ***
Total pot 50 | Rake 0 
Seat 1: JESSie2607 (big blind) folded before Flop
Seat 2: mabeal1 (button) collected (50)
Seat 3: cabe1976 (small blind) folded before Flop



PokerStars Hand #259429053961: Tournament #3968383692, €0.46+€0.04 EUR Hold'em No Limit - Level I (10/20) - 2026/01/23 17:20:21 CET [2026/01/23 11:20:21 ET]
Table '3968383692 1' 3-max Seat #3 is the button
Seat 1: JESSie2607 (770 in chips) 
Seat 2: mabeal1 (200 in chips) 
Seat 3: cabe1976 (530 in chips) 
JESSie2607: posts small blind 10
mabeal1: posts big blind 20
*** HOLE CARDS ***
Dealt to mabeal1 [8d Tc]
cabe1976: calls 20
JESSie2607: calls 10
mabeal1: checks 
*** FLOP *** [2d 6s 7d]
JESSie2607: checks 
mabeal1: checks 
cabe1976: checks 
*** TURN *** [2d 6s 7d] [Ks]
JESSie2607: checks 
mabeal1: checks 
cabe1976: checks 
*** RIVER *** [2d 6s 7d Ks] [Qd]
JESSie2607: checks 
mabeal1: checks 
cabe1976: bets 40
JESSie2607: calls 40
mabeal1: folds 
*** SHOW DOWN ***
cabe1976: shows [Qs 5s] (a pair of Queens)
JESSie2607: mucks hand 
cabe1976 collected 140 from pot
*** SUMMARY ***
Total pot 140 | Rake 0 
Board [2d 6s 7d Ks Qd]
Seat 1: JESSie2607 (small blind) mucked [9d As]
Seat 2: mabeal1 (big blind) folded on the River
Seat 3: cabe1976 (button) showed [Qs 5s] and won (140) with a pair of Queens



PokerStars Hand #259429058248: Tournament #3968383692, €0.46+€0.04 EUR Hold'em No Limit - Level I (10/20) - 2026/01/23 17:20:44 CET [2026/01/23 11:20:44 ET]
Table '3968383692 1' 3-max Seat #1 is the button
Seat 1: JESSie2607 (710 in chips) 
Seat 2: mabeal1 (180 in chips) 
Seat 3: cabe1976 (610 in chips) 
mabeal1: posts small blind 10
cabe1976: posts big blind 20
*** HOLE CARDS ***
Dealt to mabeal1 [2h 8c]
JESSie2607: folds 
mabeal1: folds 
Uncalled bet (10) returned to cabe1976
cabe1976 collected 20 from pot
cabe1976: doesn't show hand 
*** SUMMARY ***
Total pot 20 | Rake 0 
Seat 1: JESSie2607 (button) folded before Flop (didn't bet)
Seat 2: mabeal1 (small blind) folded before Flop
Seat 3: cabe1976 (big blind) collected (20)



PokerStars Hand #259429059967: Tournament #3968383692, €0.46+€0.04 EUR Hold'em No Limit - Level I (10/20) - 2026/01/23 17:20:54 CET [2026/01/23 11:20:54 ET]
Table '3968383692 1' 3-max Seat #2 is the button
Seat 1: JESSie2607 (710 in chips) 
Seat 2: mabeal1 (170 in chips) 
Seat 3: cabe1976 (620 in chips) 
cabe1976: posts small blind 10
JESSie2607: posts big blind 20
*** HOLE CARDS ***
Dealt to mabeal1 [7c 6h]
mabeal1: folds 
cabe1976: calls 10
JESSie2607: checks 
*** FLOP *** [Qd 5c Qh]
cabe1976: checks 
JESSie2607: checks 
*** TURN *** [Qd 5c Qh] [Jd]
cabe1976: checks 
JESSie2607: checks 
*** RIVER *** [Qd 5c Qh Jd] [2s]
cabe1976: checks 
JESSie2607: checks 
*** SHOW DOWN ***
cabe1976: shows [Tc Kc] (a pair of Queens)
JESSie2607: mucks hand 
cabe1976 collected 40 from pot
*** SUMMARY ***
Total pot 40 | Rake 0 
Board [Qd 5c Qh Jd 2s]
Seat 1: JESSie2607 (big blind) mucked [Kd 3h]
Seat 2: mabeal1 (button) folded before Flop (didn't bet)
Seat 3: cabe1976 (small blind) showed [Tc Kc] and won (40) with a pair of Queens



PokerStars Hand #259429063360: Tournament #3968383692, €0.46+€0.04 EUR Hold'em No Limit - Level I (10/20) - 2026/01/23 17:21:12 CET [2026/01/23 11:21:12 ET]
Table '3968383692 1' 3-max Seat #3 is the button
Seat 1: JESSie2607 (690 in chips) 
Seat 2: mabeal1 (170 in chips) 
Seat 3: cabe1976 (640 in chips) 
JESSie2607: posts small blind 10
mabeal1: posts big blind 20
*** HOLE CARDS ***
Dealt to mabeal1 [Td 9s]
cabe1976: folds 
JESSie2607: calls 10
mabeal1: raises 150 to 170 and is all-in
JESSie2607: folds 
Uncalled bet (150) returned to mabeal1
mabeal1 collected 40 from pot
mabeal1: doesn't show hand 
*** SUMMARY ***
Total pot 40 | Rake 0 
Seat 1: JESSie2607 (small blind) folded before Flop
Seat 2: mabeal1 (big blind) collected (40)
Seat 3: cabe1976 (button) folded before Flop (didn't bet)



PokerStars Hand #259429065351: Tournament #3968383692, €0.46+€0.04 EUR Hold'em No Limit - Level I (10/20) - 2026/01/23 17:21:23 CET [2026/01/23 11:21:23 ET]
Table '3968383692 1' 3-max Seat #1 is the button
Seat 1: JESSie2607 (670 in chips) 
Seat 2: mabeal1 (190 in chips) 
Seat 3: cabe1976 (640 in chips) 
mabeal1: posts small blind 10
cabe1976: posts big blind 20
*** HOLE CARDS ***
Dealt to mabeal1 [9d 4c]
JESSie2607: raises 50 to 70
mabeal1: folds 
cabe1976: folds 
Uncalled bet (50) returned to JESSie2607
JESSie2607 collected 50 from pot
JESSie2607: doesn't show hand 
*** SUMMARY ***
Total pot 50 | Rake 0 
Seat 1: JESSie2607 (button) collected (50)
Seat 2: mabeal1 (small blind) folded before Flop
Seat 3: cabe1976 (big blind) folded before Flop



PokerStars Hand #259429067132: Tournament #3968383692, €0.46+€0.04 EUR Hold'em No Limit - Level I (10/20) - 2026/01/23 17:21:32 CET [2026/01/23 11:21:32 ET]
Table '3968383692 1' 3-max Seat #2 is the button
Seat 1: JESSie2607 (700 in chips) 
Seat 2: mabeal1 (180 in chips) 
Seat 3: cabe1976 (620 in chips) 
cabe1976: posts small blind 10
JESSie2607: posts big blind 20
*** HOLE CARDS ***
Dealt to mabeal1 [2d Jh]
mabeal1: folds 
cabe1976: calls 10
JESSie2607: checks 
*** FLOP *** [7s As 7c]
cabe1976: checks 
JESSie2607: checks 
*** TURN *** [7s As 7c] [9c]
cabe1976: bets 40
JESSie2607: folds 
Uncalled bet (40) returned to cabe1976
cabe1976 collected 40 from pot
cabe1976: doesn't show hand 
*** SUMMARY ***
Total pot 40 | Rake 0 
Board [7s As 7c 9c]
Seat 1: JESSie2607 (big blind) folded on the Turn
Seat 2: mabeal1 (button) folded before Flop (didn't bet)
Seat 3: cabe1976 (small blind) collected (40)



PokerStars Hand #259429069515: Tournament #3968383692, €0.46+€0.04 EUR Hold'em No Limit - Level I (10/20) - 2026/01/23 17:21:45 CET [2026/01/23 11:21:45 ET]
Table '3968383692 1' 3-max Seat #3 is the button
Seat 1: JESSie2607 (680 in chips) 
Seat 2: mabeal1 (180 in chips) 
Seat 3: cabe1976 (640 in chips) 
JESSie2607: posts small blind 10
mabeal1: posts big blind 20
*** HOLE CARDS ***
Dealt to mabeal1 [4s 4h]
cabe1976: calls 20
JESSie2607: calls 10
mabeal1: raises 160 to 180 and is all-in
cabe1976: folds 
JESSie2607: folds 
Uncalled bet (160) returned to mabeal1
mabeal1 collected 60 from pot
mabeal1: doesn't show hand 
*** SUMMARY ***
Total pot 60 | Rake 0 
Seat 1: JESSie2607 (small blind) folded before Flop
Seat 2: mabeal1 (big blind) collected (60)
Seat 3: cabe1976 (button) folded before Flop



PokerStars Hand #259429071228: Tournament #3968383692, €0.46+€0.04 EUR Hold'em No Limit - Level I (10/20) - 2026/01/23 17:21:54 CET [2026/01/23 11:21:54 ET]
Table '3968383692 1' 3-max Seat #1 is the button
Seat 1: JESSie2607 (660 in chips) 
Seat 2: mabeal1 (220 in chips) 
Seat 3: cabe1976 (620 in chips) 
mabeal1: posts small blind 10
cabe1976: posts big blind 20
*** HOLE CARDS ***
Dealt to mabeal1 [9h 7s]
JESSie2607: folds 
mabeal1: folds 
Uncalled bet (10) returned to cabe1976
cabe1976 collected 20 from pot
cabe1976: doesn't show hand 
*** SUMMARY ***
Total pot 20 | Rake 0 
Seat 1: JESSie2607 (button) folded before Flop (didn't bet)
Seat 2: mabeal1 (small blind) folded before Flop
Seat 3: cabe1976 (big blind) collected (20)



PokerStars Hand #259429072267: Tournament #3968383692, €0.46+€0.04 EUR Hold'em No Limit - Level I (10/20) - 2026/01/23 17:22:00 CET [2026/01/23 11:22:00 ET]
Table '3968383692 1' 3-max Seat #2 is the button
Seat 1: JESSie2607 (660 in chips) 
Seat 2: mabeal1 (210 in chips) 
Seat 3: cabe1976 (630 in chips) 
cabe1976: posts small blind 10
JESSie2607: posts big blind 20
*** HOLE CARDS ***
Dealt to mabeal1 [9d Kd]
mabeal1: raises 20 to 40
cabe1976: folds 
JESSie2607: folds 
Uncalled bet (20) returned to mabeal1
mabeal1 collected 50 from pot
mabeal1: doesn't show hand 
*** SUMMARY ***
Total pot 50 | Rake 0 
Seat 1: JESSie2607 (big blind) folded before Flop
Seat 2: mabeal1 (button) collected (50)
Seat 3: cabe1976 (small blind) folded before Flop



PokerStars Hand #259429074105: Tournament #3968383692, €0.46+€0.04 EUR Hold'em No Limit - Level II (15/30) - 2026/01/23 17:22:10 CET [2026/01/23 11:22:10 ET]
Table '3968383692 1' 3-max Seat #3 is the button
Seat 1: JESSie2607 (640 in chips) 
Seat 2: mabeal1 (240 in chips) 
Seat 3: cabe1976 (620 in chips) 
JESSie2607: posts small blind 15
mabeal1: posts big blind 30
*** HOLE CARDS ***
Dealt to mabeal1 [Jh Qc]
cabe1976: folds 
JESSie2607: raises 610 to 640 and is all-in
mabeal1: calls 210 and is all-in
Uncalled bet (400) returned to JESSie2607
*** FLOP *** [6d Ad 8s]
*** TURN *** [6d Ad 8s] [9d]
*** RIVER *** [6d Ad 8s 9d] [2h]
*** SHOW DOWN ***
JESSie2607: shows [7d 7c] (a pair of Sevens)
mabeal1: shows [Jh Qc] (high card Ace)
JESSie2607 collected 480 from pot
mabeal1 finished the tournament in 3rd place
*** SUMMARY ***
Total pot 480 | Rake 0 
Board [6d Ad 8s 9d 2h]
Seat 1: JESSie2607 (small blind) showed [7d 7c] and won (480) with a pair of Sevens
Seat 2: mabeal1 (big blind) showed [Jh Qc] and lost with high card Ace
Seat 3: cabe1976 (button) folded before Flop (didn't bet)



