PokerStars Hand #259416499766: Tournament #3968075010, €0.93+€0.07 EUR Hold'em No Limit - Level I (10/20) - 2026/01/22 17:50:53 CET [2026/01/22 11:50:53 ET]
Table '3968075010 1' 3-max Seat #1 is the button
Seat 1: comadrejags21 (500 in chips) 
Seat 2: mabeal1 (500 in chips) 
Seat 3: B757200 (500 in chips) 
mabeal1: posts small blind 10
B757200: posts big blind 20
*** HOLE CARDS ***
Dealt to mabeal1 [Jc 6c]
comadrejags21: folds 
mabeal1: folds 
Uncalled bet (10) returned to B757200
B757200 collected 20 from pot
B757200: doesn't show hand 
*** SUMMARY ***
Total pot 20 | Rake 0 
Seat 1: comadrejags21 (button) folded before Flop (didn't bet)
Seat 2: mabeal1 (small blind) folded before Flop
Seat 3: B757200 (big blind) collected (20)



PokerStars Hand #259416501935: Tournament #3968075010, €0.93+€0.07 EUR Hold'em No Limit - Level I (10/20) - 2026/01/22 17:51:05 CET [2026/01/22 11:51:05 ET]
Table '3968075010 1' 3-max Seat #2 is the button
Seat 1: comadrejags21 (500 in chips) 
Seat 2: mabeal1 (490 in chips) 
Seat 3: B757200 (510 in chips) 
B757200: posts small blind 10
comadrejags21: posts big blind 20
*** HOLE CARDS ***
Dealt to mabeal1 [Qc 9s]
mabeal1: raises 20 to 40
B757200: folds 
comadrejags21: folds 
Uncalled bet (20) returned to mabeal1
mabeal1 collected 50 from pot
mabeal1: doesn't show hand 
*** SUMMARY ***
Total pot 50 | Rake 0 
Seat 1: comadrejags21 (big blind) folded before Flop
Seat 2: mabeal1 (button) collected (50)
Seat 3: B757200 (small blind) folded before Flop



PokerStars Hand #259416503461: Tournament #3968075010, €0.93+€0.07 EUR Hold'em No Limit - Level I (10/20) - 2026/01/22 17:51:13 CET [2026/01/22 11:51:13 ET]
Table '3968075010 1' 3-max Seat #3 is the button
Seat 1: comadrejags21 (480 in chips) 
Seat 2: mabeal1 (520 in chips) 
Seat 3: B757200 (500 in chips) 
comadrejags21: posts small blind 10
mabeal1: posts big blind 20
*** HOLE CARDS ***
Dealt to mabeal1 [Th 7c]
B757200: raises 20 to 40
comadrejags21: folds 
mabeal1: folds 
Uncalled bet (20) returned to B757200
B757200 collected 50 from pot
B757200: doesn't show hand 
*** SUMMARY ***
Total pot 50 | Rake 0 
Seat 1: comadrejags21 (small blind) folded before Flop
Seat 2: mabeal1 (big blind) folded before Flop
Seat 3: B757200 (button) collected (50)



PokerStars Hand #259416504690: Tournament #3968075010, €0.93+€0.07 EUR Hold'em No Limit - Level I (10/20) - 2026/01/22 17:51:19 CET [2026/01/22 11:51:19 ET]
Table '3968075010 1' 3-max Seat #1 is the button
Seat 1: comadrejags21 (470 in chips) 
Seat 2: mabeal1 (500 in chips) 
Seat 3: B757200 (530 in chips) 
mabeal1: posts small blind 10
B757200: posts big blind 20
*** HOLE CARDS ***
Dealt to mabeal1 [8s 7d]
comadrejags21: folds 
mabeal1: raises 20 to 40
B757200: calls 20
*** FLOP *** [7c Td 8d]
mabeal1: bets 40
B757200: folds 
Uncalled bet (40) returned to mabeal1
mabeal1 collected 80 from pot
mabeal1: doesn't show hand 
*** SUMMARY ***
Total pot 80 | Rake 0 
Board [7c Td 8d]
Seat 1: comadrejags21 (button) folded before Flop (didn't bet)
Seat 2: mabeal1 (small blind) collected (80)
Seat 3: B757200 (big blind) folded on the Flop



PokerStars Hand #259416508076: Tournament #3968075010, €0.93+€0.07 EUR Hold'em No Limit - Level I (10/20) - 2026/01/22 17:51:38 CET [2026/01/22 11:51:38 ET]
Table '3968075010 1' 3-max Seat #2 is the button
Seat 1: comadrejags21 (470 in chips) 
Seat 2: mabeal1 (540 in chips) 
Seat 3: B757200 (490 in chips) 
B757200: posts small blind 10
comadrejags21: posts big blind 20
*** HOLE CARDS ***
Dealt to mabeal1 [2h Kc]
mabeal1: folds 
B757200: calls 10
comadrejags21: checks 
*** FLOP *** [Ad Js 5s]
B757200: checks 
comadrejags21: checks 
*** TURN *** [Ad Js 5s] [Qh]
B757200: checks 
comadrejags21: checks 
*** RIVER *** [Ad Js 5s Qh] [Jh]
B757200: checks 
comadrejags21: checks 
*** SHOW DOWN ***
B757200: shows [8c 2s] (a pair of Jacks)
comadrejags21: shows [3d Qd] (two pair, Queens and Jacks)
comadrejags21 collected 40 from pot
*** SUMMARY ***
Total pot 40 | Rake 0 
Board [Ad Js 5s Qh Jh]
Seat 1: comadrejags21 (big blind) showed [3d Qd] and won (40) with two pair, Queens and Jacks
Seat 2: mabeal1 (button) folded before Flop (didn't bet)
Seat 3: B757200 (small blind) showed [8c 2s] and lost with a pair of Jacks



PokerStars Hand #259416514059: Tournament #3968075010, €0.93+€0.07 EUR Hold'em No Limit - Level I (10/20) - 2026/01/22 17:52:10 CET [2026/01/22 11:52:10 ET]
Table '3968075010 1' 3-max Seat #3 is the button
Seat 1: comadrejags21 (490 in chips) 
Seat 2: mabeal1 (540 in chips) 
Seat 3: B757200 (470 in chips) 
comadrejags21: posts small blind 10
mabeal1: posts big blind 20
*** HOLE CARDS ***
Dealt to mabeal1 [7s 7h]
B757200: folds 
comadrejags21: folds 
Uncalled bet (10) returned to mabeal1
mabeal1 collected 20 from pot
mabeal1: doesn't show hand 
*** SUMMARY ***
Total pot 20 | Rake 0 
Seat 1: comadrejags21 (small blind) folded before Flop
Seat 2: mabeal1 (big blind) collected (20)
Seat 3: B757200 (button) folded before Flop (didn't bet)



PokerStars Hand #259416515874: Tournament #3968075010, €0.93+€0.07 EUR Hold'em No Limit - Level I (10/20) - 2026/01/22 17:52:20 CET [2026/01/22 11:52:20 ET]
Table '3968075010 1' 3-max Seat #1 is the button
Seat 1: comadrejags21 (480 in chips) 
Seat 2: mabeal1 (550 in chips) 
Seat 3: B757200 (470 in chips) 
mabeal1: posts small blind 10
B757200: posts big blind 20
*** HOLE CARDS ***
Dealt to mabeal1 [8d Th]
comadrejags21: raises 20 to 40
mabeal1: folds 
B757200: calls 20
*** FLOP *** [5c Ah 3h]
B757200: checks 
comadrejags21: bets 30
B757200: folds 
Uncalled bet (30) returned to comadrejags21
comadrejags21 collected 90 from pot
*** SUMMARY ***
Total pot 90 | Rake 0 
Board [5c Ah 3h]
Seat 1: comadrejags21 (button) collected (90)
Seat 2: mabeal1 (small blind) folded before Flop
Seat 3: B757200 (big blind) folded on the Flop



PokerStars Hand #259416520150: Tournament #3968075010, €0.93+€0.07 EUR Hold'em No Limit - Level I (10/20) - 2026/01/22 17:52:43 CET [2026/01/22 11:52:43 ET]
Table '3968075010 1' 3-max Seat #2 is the button
Seat 1: comadrejags21 (530 in chips) 
Seat 2: mabeal1 (540 in chips) 
Seat 3: B757200 (430 in chips) 
B757200: posts small blind 10
comadrejags21: posts big blind 20
*** HOLE CARDS ***
Dealt to mabeal1 [Ks 2d]
mabeal1: folds 
B757200: raises 20 to 40
comadrejags21: raises 490 to 530 and is all-in
B757200: folds 
Uncalled bet (490) returned to comadrejags21
comadrejags21 collected 80 from pot
*** SUMMARY ***
Total pot 80 | Rake 0 
Seat 1: comadrejags21 (big blind) collected (80)
Seat 2: mabeal1 (button) folded before Flop (didn't bet)
Seat 3: B757200 (small blind) folded before Flop



PokerStars Hand #259416522680: Tournament #3968075010, €0.93+€0.07 EUR Hold'em No Limit - Level I (10/20) - 2026/01/22 17:52:57 CET [2026/01/22 11:52:57 ET]
Table '3968075010 1' 3-max Seat #3 is the button
Seat 1: comadrejags21 (570 in chips) 
Seat 2: mabeal1 (540 in chips) 
Seat 3: B757200 (390 in chips) 
comadrejags21: posts small blind 10
mabeal1: posts big blind 20
*** HOLE CARDS ***
Dealt to mabeal1 [4h 2d]
B757200: folds 
comadrejags21: raises 20 to 40
mabeal1: folds 
Uncalled bet (20) returned to comadrejags21
comadrejags21 collected 40 from pot
*** SUMMARY ***
Total pot 40 | Rake 0 
Seat 1: comadrejags21 (small blind) collected (40)
Seat 2: mabeal1 (big blind) folded before Flop
Seat 3: B757200 (button) folded before Flop (didn't bet)



PokerStars Hand #259416524161: Tournament #3968075010, €0.93+€0.07 EUR Hold'em No Limit - Level I (10/20) - 2026/01/22 17:53:05 CET [2026/01/22 11:53:05 ET]
Table '3968075010 1' 3-max Seat #1 is the button
Seat 1: comadrejags21 (590 in chips) 
Seat 2: mabeal1 (520 in chips) 
Seat 3: B757200 (390 in chips) 
mabeal1: posts small blind 10
B757200: posts big blind 20
*** HOLE CARDS ***
Dealt to mabeal1 [Ac 5h]
comadrejags21: folds 
mabeal1: raises 20 to 40
B757200: calls 20
*** FLOP *** [Qd 9d 3c]
mabeal1: checks 
B757200: checks 
*** TURN *** [Qd 9d 3c] [6c]
mabeal1: checks 
B757200: checks 
*** RIVER *** [Qd 9d 3c 6c] [Td]
mabeal1: checks 
B757200: checks 
*** SHOW DOWN ***
mabeal1: shows [Ac 5h] (high card Ace)
B757200: shows [Ah 7c] (high card Ace - Queen+Ten+Nine+Seven kicker)
B757200 collected 80 from pot
*** SUMMARY ***
Total pot 80 | Rake 0 
Board [Qd 9d 3c 6c Td]
Seat 1: comadrejags21 (button) folded before Flop (didn't bet)
Seat 2: mabeal1 (small blind) showed [Ac 5h] and lost with high card Ace
Seat 3: B757200 (big blind) showed [Ah 7c] and won (80) with high card Ace



PokerStars Hand #259416529189: Tournament #3968075010, €0.93+€0.07 EUR Hold'em No Limit - Level I (10/20) - 2026/01/22 17:53:33 CET [2026/01/22 11:53:33 ET]
Table '3968075010 1' 3-max Seat #2 is the button
Seat 1: comadrejags21 (590 in chips) 
Seat 2: mabeal1 (480 in chips) 
Seat 3: B757200 (430 in chips) 
B757200: posts small blind 10
comadrejags21: posts big blind 20
*** HOLE CARDS ***
Dealt to mabeal1 [7d Kd]
mabeal1: raises 20 to 40
B757200: calls 30
comadrejags21: folds 
*** FLOP *** [8h Js 9d]
B757200: bets 20
mabeal1: raises 100 to 120
B757200: folds 
Uncalled bet (100) returned to mabeal1
mabeal1 collected 140 from pot
mabeal1: doesn't show hand 
*** SUMMARY ***
Total pot 140 | Rake 0 
Board [8h Js 9d]
Seat 1: comadrejags21 (big blind) folded before Flop
Seat 2: mabeal1 (button) collected (140)
Seat 3: B757200 (small blind) folded on the Flop



PokerStars Hand #259416534732: Tournament #3968075010, €0.93+€0.07 EUR Hold'em No Limit - Level II (15/30) - 2026/01/22 17:54:03 CET [2026/01/22 11:54:03 ET]
Table '3968075010 1' 3-max Seat #3 is the button
Seat 1: comadrejags21 (570 in chips) 
Seat 2: mabeal1 (560 in chips) 
Seat 3: B757200 (370 in chips) 
comadrejags21: posts small blind 15
mabeal1: posts big blind 30
*** HOLE CARDS ***
Dealt to mabeal1 [Tc Jh]
B757200: folds 
comadrejags21: raises 540 to 570 and is all-in
mabeal1: folds 
Uncalled bet (540) returned to comadrejags21
comadrejags21 collected 60 from pot
*** SUMMARY ***
Total pot 60 | Rake 0 
Seat 1: comadrejags21 (small blind) collected (60)
Seat 2: mabeal1 (big blind) folded before Flop
Seat 3: B757200 (button) folded before Flop (didn't bet)



PokerStars Hand #259416537127: Tournament #3968075010, €0.93+€0.07 EUR Hold'em No Limit - Level II (15/30) - 2026/01/22 17:54:16 CET [2026/01/22 11:54:16 ET]
Table '3968075010 1' 3-max Seat #1 is the button
Seat 1: comadrejags21 (600 in chips) 
Seat 2: mabeal1 (530 in chips) 
Seat 3: B757200 (370 in chips) 
mabeal1: posts small blind 15
B757200: posts big blind 30
*** HOLE CARDS ***
Dealt to mabeal1 [5h 7d]
comadrejags21: raises 30 to 60
mabeal1: folds 
B757200: calls 30
*** FLOP *** [4h 2c Kd]
B757200: checks 
comadrejags21: bets 45
B757200: folds 
Uncalled bet (45) returned to comadrejags21
comadrejags21 collected 135 from pot
*** SUMMARY ***
Total pot 135 | Rake 0 
Board [4h 2c Kd]
Seat 1: comadrejags21 (button) collected (135)
Seat 2: mabeal1 (small blind) folded before Flop
Seat 3: B757200 (big blind) folded on the Flop



PokerStars Hand #259416540844: Tournament #3968075010, €0.93+€0.07 EUR Hold'em No Limit - Level II (15/30) - 2026/01/22 17:54:36 CET [2026/01/22 11:54:36 ET]
Table '3968075010 1' 3-max Seat #2 is the button
Seat 1: comadrejags21 (675 in chips) 
Seat 2: mabeal1 (515 in chips) 
Seat 3: B757200 (310 in chips) 
B757200: posts small blind 15
comadrejags21: posts big blind 30
*** HOLE CARDS ***
Dealt to mabeal1 [Ad 4d]
mabeal1: raises 30 to 60
B757200: calls 45
comadrejags21: folds 
*** FLOP *** [7c 8d 2d]
B757200: checks 
mabeal1: bets 45
B757200: folds 
Uncalled bet (45) returned to mabeal1
mabeal1 collected 150 from pot
mabeal1: doesn't show hand 
*** SUMMARY ***
Total pot 150 | Rake 0 
Board [7c 8d 2d]
Seat 1: comadrejags21 (big blind) folded before Flop
Seat 2: mabeal1 (button) collected (150)
Seat 3: B757200 (small blind) folded on the Flop



PokerStars Hand #259416545744: Tournament #3968075010, €0.93+€0.07 EUR Hold'em No Limit - Level II (15/30) - 2026/01/22 17:55:03 CET [2026/01/22 11:55:03 ET]
Table '3968075010 1' 3-max Seat #3 is the button
Seat 1: comadrejags21 (645 in chips) 
Seat 2: mabeal1 (605 in chips) 
Seat 3: B757200 (250 in chips) 
comadrejags21: posts small blind 15
mabeal1: posts big blind 30
*** HOLE CARDS ***
Dealt to mabeal1 [3h Kd]
B757200: folds 
comadrejags21: folds 
Uncalled bet (15) returned to mabeal1
mabeal1 collected 30 from pot
mabeal1: doesn't show hand 
*** SUMMARY ***
Total pot 30 | Rake 0 
Seat 1: comadrejags21 (small blind) folded before Flop
Seat 2: mabeal1 (big blind) collected (30)
Seat 3: B757200 (button) folded before Flop (didn't bet)



PokerStars Hand #259416547367: Tournament #3968075010, €0.93+€0.07 EUR Hold'em No Limit - Level II (15/30) - 2026/01/22 17:55:12 CET [2026/01/22 11:55:12 ET]
Table '3968075010 1' 3-max Seat #1 is the button
Seat 1: comadrejags21 (630 in chips) 
Seat 2: mabeal1 (620 in chips) 
Seat 3: B757200 (250 in chips) 
mabeal1: posts small blind 15
B757200: posts big blind 30
*** HOLE CARDS ***
Dealt to mabeal1 [6d 3h]
comadrejags21: folds 
mabeal1: folds 
Uncalled bet (15) returned to B757200
B757200 collected 30 from pot
B757200: doesn't show hand 
*** SUMMARY ***
Total pot 30 | Rake 0 
Seat 1: comadrejags21 (button) folded before Flop (didn't bet)
Seat 2: mabeal1 (small blind) folded before Flop
Seat 3: B757200 (big blind) collected (30)



PokerStars Hand #259416548677: Tournament #3968075010, €0.93+€0.07 EUR Hold'em No Limit - Level II (15/30) - 2026/01/22 17:55:19 CET [2026/01/22 11:55:19 ET]
Table '3968075010 1' 3-max Seat #2 is the button
Seat 1: comadrejags21 (630 in chips) 
Seat 2: mabeal1 (605 in chips) 
Seat 3: B757200 (265 in chips) 
B757200: posts small blind 15
comadrejags21: posts big blind 30
*** HOLE CARDS ***
Dealt to mabeal1 [Kd 9d]
mabeal1: raises 30 to 60
B757200: folds 
comadrejags21: folds 
Uncalled bet (30) returned to mabeal1
mabeal1 collected 75 from pot
mabeal1: doesn't show hand 
*** SUMMARY ***
Total pot 75 | Rake 0 
Seat 1: comadrejags21 (big blind) folded before Flop
Seat 2: mabeal1 (button) collected (75)
Seat 3: B757200 (small blind) folded before Flop



PokerStars Hand #259416550428: Tournament #3968075010, €0.93+€0.07 EUR Hold'em No Limit - Level II (15/30) - 2026/01/22 17:55:32 CET [2026/01/22 11:55:32 ET]
Table '3968075010 1' 3-max Seat #3 is the button
Seat 1: comadrejags21 (600 in chips) 
Seat 2: mabeal1 (650 in chips) 
Seat 3: B757200 (250 in chips) 
comadrejags21: posts small blind 15
mabeal1: posts big blind 30
*** HOLE CARDS ***
Dealt to mabeal1 [4h 9h]
B757200: folds 
comadrejags21: raises 30 to 60
mabeal1: calls 30
*** FLOP *** [6d 4s Ks]
comadrejags21: checks 
mabeal1: checks 
*** TURN *** [6d 4s Ks] [Jd]
comadrejags21: checks 
mabeal1: checks 
*** RIVER *** [6d 4s Ks Jd] [6s]
comadrejags21: checks 
mabeal1: checks 
*** SHOW DOWN ***
comadrejags21: shows [3h Ad] (a pair of Sixes)
mabeal1: shows [4h 9h] (two pair, Sixes and Fours)
mabeal1 collected 120 from pot
*** SUMMARY ***
Total pot 120 | Rake 0 
Board [6d 4s Ks Jd 6s]
Seat 1: comadrejags21 (small blind) showed [3h Ad] and lost with a pair of Sixes
Seat 2: mabeal1 (big blind) showed [4h 9h] and won (120) with two pair, Sixes and Fours
Seat 3: B757200 (button) folded before Flop (didn't bet)



PokerStars Hand #259416555074: Tournament #3968075010, €0.93+€0.07 EUR Hold'em No Limit - Level II (15/30) - 2026/01/22 17:56:05 CET [2026/01/22 11:56:05 ET]
Table '3968075010 1' 3-max Seat #1 is the button
Seat 1: comadrejags21 (540 in chips) 
Seat 2: mabeal1 (710 in chips) 
Seat 3: B757200 (250 in chips) 
mabeal1: posts small blind 15
B757200: posts big blind 30
*** HOLE CARDS ***
Dealt to mabeal1 [7d Kc]
comadrejags21: calls 30
mabeal1: folds 
B757200: checks 
*** FLOP *** [4s 8c 4h]
B757200: bets 60
comadrejags21: folds 
Uncalled bet (60) returned to B757200
B757200 collected 75 from pot
B757200: doesn't show hand 
*** SUMMARY ***
Total pot 75 | Rake 0 
Board [4s 8c 4h]
Seat 1: comadrejags21 (button) folded on the Flop
Seat 2: mabeal1 (small blind) folded before Flop
Seat 3: B757200 (big blind) collected (75)



PokerStars Hand #259416559125: Tournament #3968075010, €0.93+€0.07 EUR Hold'em No Limit - Level II (15/30) - 2026/01/22 17:56:34 CET [2026/01/22 11:56:34 ET]
Table '3968075010 1' 3-max Seat #2 is the button
Seat 1: comadrejags21 (510 in chips) 
Seat 2: mabeal1 (695 in chips) 
Seat 3: B757200 (295 in chips) 
B757200: posts small blind 15
comadrejags21: posts big blind 30
*** HOLE CARDS ***
Dealt to mabeal1 [2c 3h]
mabeal1: folds 
B757200: raises 30 to 60
comadrejags21: folds 
Uncalled bet (30) returned to B757200
B757200 collected 60 from pot
B757200: doesn't show hand 
*** SUMMARY ***
Total pot 60 | Rake 0 
Seat 1: comadrejags21 (big blind) folded before Flop
Seat 2: mabeal1 (button) folded before Flop (didn't bet)
Seat 3: B757200 (small blind) collected (60)



PokerStars Hand #259416560693: Tournament #3968075010, €0.93+€0.07 EUR Hold'em No Limit - Level II (15/30) - 2026/01/22 17:56:45 CET [2026/01/22 11:56:45 ET]
Table '3968075010 1' 3-max Seat #3 is the button
Seat 1: comadrejags21 (480 in chips) 
Seat 2: mabeal1 (695 in chips) 
Seat 3: B757200 (325 in chips) 
comadrejags21: posts small blind 15
mabeal1: posts big blind 30
*** HOLE CARDS ***
Dealt to mabeal1 [Ac 9h]
B757200: folds 
comadrejags21: calls 15
mabeal1: raises 665 to 695 and is all-in
comadrejags21: folds 
Uncalled bet (665) returned to mabeal1
mabeal1 collected 60 from pot
mabeal1: doesn't show hand 
*** SUMMARY ***
Total pot 60 | Rake 0 
Seat 1: comadrejags21 (small blind) folded before Flop
Seat 2: mabeal1 (big blind) collected (60)
Seat 3: B757200 (button) folded before Flop (didn't bet)



PokerStars Hand #259416562552: Tournament #3968075010, €0.93+€0.07 EUR Hold'em No Limit - Level III (20/40) - 2026/01/22 17:56:58 CET [2026/01/22 11:56:58 ET]
Table '3968075010 1' 3-max Seat #1 is the button
Seat 1: comadrejags21 (450 in chips) 
Seat 2: mabeal1 (725 in chips) 
Seat 3: B757200 (325 in chips) 
mabeal1: posts small blind 20
B757200: posts big blind 40
*** HOLE CARDS ***
Dealt to mabeal1 [3s Jh]
comadrejags21: raises 410 to 450 and is all-in
mabeal1: folds 
B757200: folds 
Uncalled bet (410) returned to comadrejags21
comadrejags21 collected 100 from pot
*** SUMMARY ***
Total pot 100 | Rake 0 
Seat 1: comadrejags21 (button) collected (100)
Seat 2: mabeal1 (small blind) folded before Flop
Seat 3: B757200 (big blind) folded before Flop



PokerStars Hand #259416563671: Tournament #3968075010, €0.93+€0.07 EUR Hold'em No Limit - Level III (20/40) - 2026/01/22 17:57:06 CET [2026/01/22 11:57:06 ET]
Table '3968075010 1' 3-max Seat #2 is the button
Seat 1: comadrejags21 (510 in chips) 
Seat 2: mabeal1 (705 in chips) 
Seat 3: B757200 (285 in chips) 
B757200: posts small blind 20
comadrejags21: posts big blind 40
*** HOLE CARDS ***
Dealt to mabeal1 [7d 4d]
mabeal1: folds 
B757200: raises 40 to 80
comadrejags21: folds 
Uncalled bet (40) returned to B757200
B757200 collected 80 from pot
B757200: doesn't show hand 
*** SUMMARY ***
Total pot 80 | Rake 0 
Seat 1: comadrejags21 (big blind) folded before Flop
Seat 2: mabeal1 (button) folded before Flop (didn't bet)
Seat 3: B757200 (small blind) collected (80)



PokerStars Hand #259416566183: Tournament #3968075010, €0.93+€0.07 EUR Hold'em No Limit - Level III (20/40) - 2026/01/22 17:57:24 CET [2026/01/22 11:57:24 ET]
Table '3968075010 1' 3-max Seat #3 is the button
Seat 1: comadrejags21 (470 in chips) 
Seat 2: mabeal1 (705 in chips) 
Seat 3: B757200 (325 in chips) 
comadrejags21: posts small blind 20
mabeal1: posts big blind 40
*** HOLE CARDS ***
Dealt to mabeal1 [2c 2d]
B757200: folds 
comadrejags21: raises 430 to 470 and is all-in
mabeal1: folds 
Uncalled bet (430) returned to comadrejags21
comadrejags21 collected 80 from pot
*** SUMMARY ***
Total pot 80 | Rake 0 
Seat 1: comadrejags21 (small blind) collected (80)
Seat 2: mabeal1 (big blind) folded before Flop
Seat 3: B757200 (button) folded before Flop (didn't bet)



PokerStars Hand #259416567840: Tournament #3968075010, €0.93+€0.07 EUR Hold'em No Limit - Level III (20/40) - 2026/01/22 17:57:36 CET [2026/01/22 11:57:36 ET]
Table '3968075010 1' 3-max Seat #1 is the button
Seat 1: comadrejags21 (510 in chips) 
Seat 2: mabeal1 (665 in chips) 
Seat 3: B757200 (325 in chips) 
mabeal1: posts small blind 20
B757200: posts big blind 40
*** HOLE CARDS ***
Dealt to mabeal1 [3s Ts]
comadrejags21: folds 
mabeal1: folds 
Uncalled bet (20) returned to B757200
B757200 collected 40 from pot
B757200: doesn't show hand 
*** SUMMARY ***
Total pot 40 | Rake 0 
Seat 1: comadrejags21 (button) folded before Flop (didn't bet)
Seat 2: mabeal1 (small blind) folded before Flop
Seat 3: B757200 (big blind) collected (40)



PokerStars Hand #259416569394: Tournament #3968075010, €0.93+€0.07 EUR Hold'em No Limit - Level III (20/40) - 2026/01/22 17:57:47 CET [2026/01/22 11:57:47 ET]
Table '3968075010 1' 3-max Seat #2 is the button
Seat 1: comadrejags21 (510 in chips) 
Seat 2: mabeal1 (645 in chips) 
Seat 3: B757200 (345 in chips) 
B757200: posts small blind 20
comadrejags21: posts big blind 40
*** HOLE CARDS ***
Dealt to mabeal1 [Ks Qc]
mabeal1: raises 40 to 80
B757200: folds 
comadrejags21: calls 40
*** FLOP *** [2d 5c 6d]
comadrejags21: checks 
mabeal1: checks 
*** TURN *** [2d 5c 6d] [7c]
comadrejags21: checks 
mabeal1: bets 120
comadrejags21: folds 
Uncalled bet (120) returned to mabeal1
mabeal1 collected 180 from pot
mabeal1: doesn't show hand 
*** SUMMARY ***
Total pot 180 | Rake 0 
Board [2d 5c 6d 7c]
Seat 1: comadrejags21 (big blind) folded on the Turn
Seat 2: mabeal1 (button) collected (180)
Seat 3: B757200 (small blind) folded before Flop



PokerStars Hand #259416574920: Tournament #3968075010, €0.93+€0.07 EUR Hold'em No Limit - Level III (20/40) - 2026/01/22 17:58:26 CET [2026/01/22 11:58:26 ET]
Table '3968075010 1' 3-max Seat #3 is the button
Seat 1: comadrejags21 (430 in chips) 
Seat 2: mabeal1 (745 in chips) 
Seat 3: B757200 (325 in chips) 
comadrejags21: posts small blind 20
mabeal1: posts big blind 40
*** HOLE CARDS ***
Dealt to mabeal1 [2d 4s]
B757200: raises 40 to 80
comadrejags21: folds 
mabeal1: folds 
Uncalled bet (40) returned to B757200
B757200 collected 100 from pot
B757200: doesn't show hand 
*** SUMMARY ***
Total pot 100 | Rake 0 
Seat 1: comadrejags21 (small blind) folded before Flop
Seat 2: mabeal1 (big blind) folded before Flop
Seat 3: B757200 (button) collected (100)



PokerStars Hand #259416576108: Tournament #3968075010, €0.93+€0.07 EUR Hold'em No Limit - Level III (20/40) - 2026/01/22 17:58:34 CET [2026/01/22 11:58:34 ET]
Table '3968075010 1' 3-max Seat #1 is the button
Seat 1: comadrejags21 (410 in chips) 
Seat 2: mabeal1 (705 in chips) 
Seat 3: B757200 (385 in chips) 
mabeal1: posts small blind 20
B757200: posts big blind 40
*** HOLE CARDS ***
Dealt to mabeal1 [4h 2h]
comadrejags21: folds 
mabeal1: folds 
Uncalled bet (20) returned to B757200
B757200 collected 40 from pot
B757200: doesn't show hand 
*** SUMMARY ***
Total pot 40 | Rake 0 
Seat 1: comadrejags21 (button) folded before Flop (didn't bet)
Seat 2: mabeal1 (small blind) folded before Flop
Seat 3: B757200 (big blind) collected (40)



PokerStars Hand #259416577344: Tournament #3968075010, €0.93+€0.07 EUR Hold'em No Limit - Level III (20/40) - 2026/01/22 17:58:43 CET [2026/01/22 11:58:43 ET]
Table '3968075010 1' 3-max Seat #2 is the button
Seat 1: comadrejags21 (410 in chips) 
Seat 2: mabeal1 (685 in chips) 
Seat 3: B757200 (405 in chips) 
B757200: posts small blind 20
comadrejags21: posts big blind 40
*** HOLE CARDS ***
Dealt to mabeal1 [3h 2c]
mabeal1: folds 
B757200: calls 20
comadrejags21: checks 
*** FLOP *** [8s 3d 6h]
B757200: bets 80
comadrejags21: folds 
Uncalled bet (80) returned to B757200
B757200 collected 80 from pot
B757200: doesn't show hand 
*** SUMMARY ***
Total pot 80 | Rake 0 
Board [8s 3d 6h]
Seat 1: comadrejags21 (big blind) folded on the Flop
Seat 2: mabeal1 (button) folded before Flop (didn't bet)
Seat 3: B757200 (small blind) collected (80)



PokerStars Hand #259416580429: Tournament #3968075010, €0.93+€0.07 EUR Hold'em No Limit - Level III (20/40) - 2026/01/22 17:59:05 CET [2026/01/22 11:59:05 ET]
Table '3968075010 1' 3-max Seat #3 is the button
Seat 1: comadrejags21 (370 in chips) 
Seat 2: mabeal1 (685 in chips) 
Seat 3: B757200 (445 in chips) 
comadrejags21: posts small blind 20
mabeal1: posts big blind 40
*** HOLE CARDS ***
Dealt to mabeal1 [9c Qh]
B757200: raises 100 to 140
comadrejags21: folds 
mabeal1: calls 100
*** FLOP *** [Tc Td 3d]
mabeal1: checks 
B757200: bets 300
mabeal1: folds 
Uncalled bet (300) returned to B757200
B757200 collected 300 from pot
B757200: doesn't show hand 
*** SUMMARY ***
Total pot 300 | Rake 0 
Board [Tc Td 3d]
Seat 1: comadrejags21 (small blind) folded before Flop
Seat 2: mabeal1 (big blind) folded on the Flop
Seat 3: B757200 (button) collected (300)



PokerStars Hand #259416583030: Tournament #3968075010, €0.93+€0.07 EUR Hold'em No Limit - Level III (20/40) - 2026/01/22 17:59:23 CET [2026/01/22 11:59:23 ET]
Table '3968075010 1' 3-max Seat #1 is the button
Seat 1: comadrejags21 (350 in chips) 
Seat 2: mabeal1 (545 in chips) 
Seat 3: B757200 (605 in chips) 
mabeal1: posts small blind 20
B757200: posts big blind 40
*** HOLE CARDS ***
Dealt to mabeal1 [3d 6h]
comadrejags21: raises 310 to 350 and is all-in
mabeal1: folds 
B757200: folds 
Uncalled bet (310) returned to comadrejags21
comadrejags21 collected 100 from pot
*** SUMMARY ***
Total pot 100 | Rake 0 
Seat 1: comadrejags21 (button) collected (100)
Seat 2: mabeal1 (small blind) folded before Flop
Seat 3: B757200 (big blind) folded before Flop



PokerStars Hand #259416584102: Tournament #3968075010, €0.93+€0.07 EUR Hold'em No Limit - Level III (20/40) - 2026/01/22 17:59:30 CET [2026/01/22 11:59:30 ET]
Table '3968075010 1' 3-max Seat #2 is the button
Seat 1: comadrejags21 (410 in chips) 
Seat 2: mabeal1 (525 in chips) 
Seat 3: B757200 (565 in chips) 
B757200: posts small blind 20
comadrejags21: posts big blind 40
*** HOLE CARDS ***
Dealt to mabeal1 [8s Jh]
mabeal1: folds 
B757200: calls 20
comadrejags21: raises 370 to 410 and is all-in
B757200: folds 
Uncalled bet (370) returned to comadrejags21
comadrejags21 collected 80 from pot
*** SUMMARY ***
Total pot 80 | Rake 0 
Seat 1: comadrejags21 (big blind) collected (80)
Seat 2: mabeal1 (button) folded before Flop (didn't bet)
Seat 3: B757200 (small blind) folded before Flop



PokerStars Hand #259416585685: Tournament #3968075010, €0.93+€0.07 EUR Hold'em No Limit - Level III (20/40) - 2026/01/22 17:59:41 CET [2026/01/22 11:59:41 ET]
Table '3968075010 1' 3-max Seat #3 is the button
Seat 1: comadrejags21 (450 in chips) 
Seat 2: mabeal1 (525 in chips) 
Seat 3: B757200 (525 in chips) 
comadrejags21: posts small blind 20
mabeal1: posts big blind 40
*** HOLE CARDS ***
Dealt to mabeal1 [Ah Ts]
B757200: folds 
comadrejags21: folds 
Uncalled bet (20) returned to mabeal1
mabeal1 collected 40 from pot
mabeal1: doesn't show hand 
*** SUMMARY ***
Total pot 40 | Rake 0 
Seat 1: comadrejags21 (small blind) folded before Flop
Seat 2: mabeal1 (big blind) collected (40)
Seat 3: B757200 (button) folded before Flop (didn't bet)



PokerStars Hand #259416586684: Tournament #3968075010, €0.93+€0.07 EUR Hold'em No Limit - Level III (20/40) - 2026/01/22 17:59:48 CET [2026/01/22 11:59:48 ET]
Table '3968075010 1' 3-max Seat #1 is the button
Seat 1: comadrejags21 (430 in chips) 
Seat 2: mabeal1 (545 in chips) 
Seat 3: B757200 (525 in chips) 
mabeal1: posts small blind 20
B757200: posts big blind 40
*** HOLE CARDS ***
Dealt to mabeal1 [3h 2h]
comadrejags21: folds 
mabeal1: folds 
Uncalled bet (20) returned to B757200
B757200 collected 40 from pot
B757200: doesn't show hand 
*** SUMMARY ***
Total pot 40 | Rake 0 
Seat 1: comadrejags21 (button) folded before Flop (didn't bet)
Seat 2: mabeal1 (small blind) folded before Flop
Seat 3: B757200 (big blind) collected (40)



PokerStars Hand #259416588479: Tournament #3968075010, €0.93+€0.07 EUR Hold'em No Limit - Level IV (30/60) - 2026/01/22 18:00:00 CET [2026/01/22 12:00:00 ET]
Table '3968075010 1' 3-max Seat #2 is the button
Seat 1: comadrejags21 (430 in chips) 
Seat 2: mabeal1 (525 in chips) 
Seat 3: B757200 (545 in chips) 
B757200: posts small blind 30
comadrejags21: posts big blind 60
*** HOLE CARDS ***
Dealt to mabeal1 [4s 8s]
mabeal1: folds 
B757200: raises 485 to 545 and is all-in
comadrejags21: calls 370 and is all-in
Uncalled bet (115) returned to B757200
*** FLOP *** [Jh 6c 2c]
*** TURN *** [Jh 6c 2c] [Ah]
*** RIVER *** [Jh 6c 2c Ah] [Qh]
*** SHOW DOWN ***
B757200: shows [7c 7s] (a pair of Sevens)
comadrejags21: shows [Ac As] (three of a kind, Aces)
comadrejags21 collected 860 from pot
*** SUMMARY ***
Total pot 860 | Rake 0 
Board [Jh 6c 2c Ah Qh]
Seat 1: comadrejags21 (big blind) showed [Ac As] and won (860) with three of a kind, Aces
Seat 2: mabeal1 (button) folded before Flop (didn't bet)
Seat 3: B757200 (small blind) showed [7c 7s] and lost with a pair of Sevens



PokerStars Hand #259416591275: Tournament #3968075010, €0.93+€0.07 EUR Hold'em No Limit - Level IV (30/60) - 2026/01/22 18:00:19 CET [2026/01/22 12:00:19 ET]
Table '3968075010 1' 3-max Seat #3 is the button
Seat 1: comadrejags21 (860 in chips) 
Seat 2: mabeal1 (525 in chips) 
Seat 3: B757200 (115 in chips) 
comadrejags21: posts small blind 30
mabeal1: posts big blind 60
*** HOLE CARDS ***
Dealt to mabeal1 [4d 9h]
B757200: folds 
comadrejags21: raises 800 to 860 and is all-in
mabeal1: folds 
Uncalled bet (800) returned to comadrejags21
comadrejags21 collected 120 from pot
*** SUMMARY ***
Total pot 120 | Rake 0 
Seat 1: comadrejags21 (small blind) collected (120)
Seat 2: mabeal1 (big blind) folded before Flop
Seat 3: B757200 (button) folded before Flop (didn't bet)



PokerStars Hand #259416592714: Tournament #3968075010, €0.93+€0.07 EUR Hold'em No Limit - Level IV (30/60) - 2026/01/22 18:00:29 CET [2026/01/22 12:00:29 ET]
Table '3968075010 1' 3-max Seat #1 is the button
Seat 1: comadrejags21 (920 in chips) 
Seat 2: mabeal1 (465 in chips) 
Seat 3: B757200 (115 in chips) 
mabeal1: posts small blind 30
B757200: posts big blind 60
*** HOLE CARDS ***
Dealt to mabeal1 [Td 4h]
comadrejags21: raises 860 to 920 and is all-in
mabeal1: folds 
B757200: calls 55 and is all-in
Uncalled bet (805) returned to comadrejags21
*** FLOP *** [Kd 9h Jh]
*** TURN *** [Kd 9h Jh] [Ad]
*** RIVER *** [Kd 9h Jh Ad] [8s]
*** SHOW DOWN ***
B757200: shows [9d 5s] (a pair of Nines)
comadrejags21: shows [Qd Jd] (a pair of Jacks)
comadrejags21 collected 260 from pot
B757200 finished the tournament in 3rd place
*** SUMMARY ***
Total pot 260 | Rake 0 
Board [Kd 9h Jh Ad 8s]
Seat 1: comadrejags21 (button) showed [Qd Jd] and won (260) with a pair of Jacks
Seat 2: mabeal1 (small blind) folded before Flop
Seat 3: B757200 (big blind) showed [9d 5s] and lost with a pair of Nines



PokerStars Hand #259416596741: Tournament #3968075010, €0.93+€0.07 EUR Hold'em No Limit - Level IV (30/60) - 2026/01/22 18:00:55 CET [2026/01/22 12:00:55 ET]
Table '3968075010 1' 3-max Seat #2 is the button
Seat 1: comadrejags21 (1065 in chips) 
Seat 2: mabeal1 (435 in chips) 
mabeal1: posts small blind 30
comadrejags21: posts big blind 60
*** HOLE CARDS ***
Dealt to mabeal1 [3d 5c]
mabeal1: folds 
Uncalled bet (30) returned to comadrejags21
comadrejags21 collected 60 from pot
*** SUMMARY ***
Total pot 60 | Rake 0 
Seat 1: comadrejags21 (big blind) collected (60)
Seat 2: mabeal1 (button) (small blind) folded before Flop



PokerStars Hand #259416597652: Tournament #3968075010, €0.93+€0.07 EUR Hold'em No Limit - Level IV (30/60) - 2026/01/22 18:01:01 CET [2026/01/22 12:01:01 ET]
Table '3968075010 1' 3-max Seat #1 is the button
Seat 1: comadrejags21 (1095 in chips) 
Seat 2: mabeal1 (405 in chips) 
comadrejags21: posts small blind 30
mabeal1: posts big blind 60
*** HOLE CARDS ***
Dealt to mabeal1 [8s Qs]
comadrejags21: folds 
Uncalled bet (30) returned to mabeal1
mabeal1 collected 60 from pot
mabeal1: doesn't show hand 
*** SUMMARY ***
Total pot 60 | Rake 0 
Seat 1: comadrejags21 (button) (small blind) folded before Flop
Seat 2: mabeal1 (big blind) collected (60)



PokerStars Hand #259416598396: Tournament #3968075010, €0.93+€0.07 EUR Hold'em No Limit - Level IV (30/60) - 2026/01/22 18:01:05 CET [2026/01/22 12:01:05 ET]
Table '3968075010 1' 3-max Seat #2 is the button
Seat 1: comadrejags21 (1065 in chips) 
Seat 2: mabeal1 (435 in chips) 
mabeal1: posts small blind 30
comadrejags21: posts big blind 60
*** HOLE CARDS ***
Dealt to mabeal1 [2s 3h]
mabeal1: folds 
Uncalled bet (30) returned to comadrejags21
comadrejags21 collected 60 from pot
*** SUMMARY ***
Total pot 60 | Rake 0 
Seat 1: comadrejags21 (big blind) collected (60)
Seat 2: mabeal1 (button) (small blind) folded before Flop



PokerStars Hand #259416599222: Tournament #3968075010, €0.93+€0.07 EUR Hold'em No Limit - Level IV (30/60) - 2026/01/22 18:01:10 CET [2026/01/22 12:01:10 ET]
Table '3968075010 1' 3-max Seat #1 is the button
Seat 1: comadrejags21 (1095 in chips) 
Seat 2: mabeal1 (405 in chips) 
comadrejags21: posts small blind 30
mabeal1: posts big blind 60
*** HOLE CARDS ***
Dealt to mabeal1 [Qh Ac]
comadrejags21: folds 
Uncalled bet (30) returned to mabeal1
mabeal1 collected 60 from pot
mabeal1: doesn't show hand 
*** SUMMARY ***
Total pot 60 | Rake 0 
Seat 1: comadrejags21 (button) (small blind) folded before Flop
Seat 2: mabeal1 (big blind) collected (60)



PokerStars Hand #259416599822: Tournament #3968075010, €0.93+€0.07 EUR Hold'em No Limit - Level IV (30/60) - 2026/01/22 18:01:14 CET [2026/01/22 12:01:14 ET]
Table '3968075010 1' 3-max Seat #2 is the button
Seat 1: comadrejags21 (1065 in chips) 
Seat 2: mabeal1 (435 in chips) 
mabeal1: posts small blind 30
comadrejags21: posts big blind 60
*** HOLE CARDS ***
Dealt to mabeal1 [7d 8s]
mabeal1: raises 375 to 435 and is all-in
comadrejags21: folds 
Uncalled bet (375) returned to mabeal1
mabeal1 collected 120 from pot
mabeal1: doesn't show hand 
*** SUMMARY ***
Total pot 120 | Rake 0 
Seat 1: comadrejags21 (big blind) folded before Flop
Seat 2: mabeal1 (button) (small blind) collected (120)



PokerStars Hand #259416601848: Tournament #3968075010, €0.93+€0.07 EUR Hold'em No Limit - Level IV (30/60) - 2026/01/22 18:01:26 CET [2026/01/22 12:01:26 ET]
Table '3968075010 1' 3-max Seat #1 is the button
Seat 1: comadrejags21 (1005 in chips) 
Seat 2: mabeal1 (495 in chips) 
comadrejags21: posts small blind 30
mabeal1: posts big blind 60
*** HOLE CARDS ***
Dealt to mabeal1 [2c 3s]
comadrejags21: raises 945 to 1005 and is all-in
mabeal1: folds 
Uncalled bet (945) returned to comadrejags21
comadrejags21 collected 120 from pot
*** SUMMARY ***
Total pot 120 | Rake 0 
Seat 1: comadrejags21 (button) (small blind) collected (120)
Seat 2: mabeal1 (big blind) folded before Flop



PokerStars Hand #259416604300: Tournament #3968075010, €0.93+€0.07 EUR Hold'em No Limit - Level IV (30/60) - 2026/01/22 18:01:40 CET [2026/01/22 12:01:40 ET]
Table '3968075010 1' 3-max Seat #2 is the button
Seat 1: comadrejags21 (1065 in chips) 
Seat 2: mabeal1 (435 in chips) 
mabeal1: posts small blind 30
comadrejags21: posts big blind 60
*** HOLE CARDS ***
Dealt to mabeal1 [8s 9h]
mabeal1: raises 375 to 435 and is all-in
comadrejags21: folds 
Uncalled bet (375) returned to mabeal1
mabeal1 collected 120 from pot
mabeal1: doesn't show hand 
*** SUMMARY ***
Total pot 120 | Rake 0 
Seat 1: comadrejags21 (big blind) folded before Flop
Seat 2: mabeal1 (button) (small blind) collected (120)



PokerStars Hand #259416605392: Tournament #3968075010, €0.93+€0.07 EUR Hold'em No Limit - Level IV (30/60) - 2026/01/22 18:01:46 CET [2026/01/22 12:01:46 ET]
Table '3968075010 1' 3-max Seat #1 is the button
Seat 1: comadrejags21 (1005 in chips) 
Seat 2: mabeal1 (495 in chips) 
comadrejags21: posts small blind 30
mabeal1: posts big blind 60
*** HOLE CARDS ***
Dealt to mabeal1 [7d Qs]
comadrejags21: folds 
Uncalled bet (30) returned to mabeal1
mabeal1 collected 60 from pot
mabeal1: doesn't show hand 
*** SUMMARY ***
Total pot 60 | Rake 0 
Seat 1: comadrejags21 (button) (small blind) folded before Flop
Seat 2: mabeal1 (big blind) collected (60)



PokerStars Hand #259416606693: Tournament #3968075010, €0.93+€0.07 EUR Hold'em No Limit - Level IV (30/60) - 2026/01/22 18:01:54 CET [2026/01/22 12:01:54 ET]
Table '3968075010 1' 3-max Seat #2 is the button
Seat 1: comadrejags21 (975 in chips) 
Seat 2: mabeal1 (525 in chips) 
mabeal1: posts small blind 30
comadrejags21: posts big blind 60
*** HOLE CARDS ***
Dealt to mabeal1 [3c 3s]
mabeal1: raises 465 to 525 and is all-in
comadrejags21: folds 
Uncalled bet (465) returned to mabeal1
mabeal1 collected 120 from pot
mabeal1: doesn't show hand 
*** SUMMARY ***
Total pot 120 | Rake 0 
Seat 1: comadrejags21 (big blind) folded before Flop
Seat 2: mabeal1 (button) (small blind) collected (120)



PokerStars Hand #259416608336: Tournament #3968075010, €0.93+€0.07 EUR Hold'em No Limit - Level IV (30/60) - 2026/01/22 18:02:03 CET [2026/01/22 12:02:03 ET]
Table '3968075010 1' 3-max Seat #1 is the button
Seat 1: comadrejags21 (915 in chips) 
Seat 2: mabeal1 (585 in chips) 
comadrejags21: posts small blind 30
mabeal1: posts big blind 60
*** HOLE CARDS ***
Dealt to mabeal1 [9s 8h]
comadrejags21: calls 30
mabeal1: checks 
*** FLOP *** [2c Th 4d]
mabeal1: checks 
comadrejags21: bets 60
mabeal1: folds 
Uncalled bet (60) returned to comadrejags21
comadrejags21 collected 120 from pot
*** SUMMARY ***
Total pot 120 | Rake 0 
Board [2c Th 4d]
Seat 1: comadrejags21 (button) (small blind) collected (120)
Seat 2: mabeal1 (big blind) folded on the Flop



PokerStars Hand #259416611662: Tournament #3968075010, €0.93+€0.07 EUR Hold'em No Limit - Level IV (30/60) - 2026/01/22 18:02:21 CET [2026/01/22 12:02:21 ET]
Table '3968075010 1' 3-max Seat #2 is the button
Seat 1: comadrejags21 (975 in chips) 
Seat 2: mabeal1 (525 in chips) 
mabeal1: posts small blind 30
comadrejags21: posts big blind 60
*** HOLE CARDS ***
Dealt to mabeal1 [5h 3c]
mabeal1: folds 
Uncalled bet (30) returned to comadrejags21
comadrejags21 collected 60 from pot
*** SUMMARY ***
Total pot 60 | Rake 0 
Seat 1: comadrejags21 (big blind) collected (60)
Seat 2: mabeal1 (button) (small blind) folded before Flop



PokerStars Hand #259416612520: Tournament #3968075010, €0.93+€0.07 EUR Hold'em No Limit - Level IV (30/60) - 2026/01/22 18:02:25 CET [2026/01/22 12:02:25 ET]
Table '3968075010 1' 3-max Seat #1 is the button
Seat 1: comadrejags21 (1005 in chips) 
Seat 2: mabeal1 (495 in chips) 
comadrejags21: posts small blind 30
mabeal1: posts big blind 60
*** HOLE CARDS ***
Dealt to mabeal1 [3c Jd]
comadrejags21: folds 
Uncalled bet (30) returned to mabeal1
mabeal1 collected 60 from pot
mabeal1: doesn't show hand 
*** SUMMARY ***
Total pot 60 | Rake 0 
Seat 1: comadrejags21 (button) (small blind) folded before Flop
Seat 2: mabeal1 (big blind) collected (60)



PokerStars Hand #259416614078: Tournament #3968075010, €0.93+€0.07 EUR Hold'em No Limit - Level IV (30/60) - 2026/01/22 18:02:34 CET [2026/01/22 12:02:34 ET]
Table '3968075010 1' 3-max Seat #2 is the button
Seat 1: comadrejags21 (975 in chips) 
Seat 2: mabeal1 (525 in chips) 
mabeal1: posts small blind 30
comadrejags21: posts big blind 60
*** HOLE CARDS ***
Dealt to mabeal1 [Td 7d]
mabeal1: raises 465 to 525 and is all-in
comadrejags21: folds 
Uncalled bet (465) returned to mabeal1
mabeal1 collected 120 from pot
mabeal1: doesn't show hand 
*** SUMMARY ***
Total pot 120 | Rake 0 
Seat 1: comadrejags21 (big blind) folded before Flop
Seat 2: mabeal1 (button) (small blind) collected (120)



PokerStars Hand #259416616807: Tournament #3968075010, €0.93+€0.07 EUR Hold'em No Limit - Level IV (30/60) - 2026/01/22 18:02:49 CET [2026/01/22 12:02:49 ET]
Table '3968075010 1' 3-max Seat #1 is the button
Seat 1: comadrejags21 (915 in chips) 
Seat 2: mabeal1 (585 in chips) 
comadrejags21: posts small blind 30
mabeal1: posts big blind 60
*** HOLE CARDS ***
Dealt to mabeal1 [3c 5h]
comadrejags21: folds 
Uncalled bet (30) returned to mabeal1
mabeal1 collected 60 from pot
mabeal1: doesn't show hand 
*** SUMMARY ***
Total pot 60 | Rake 0 
Seat 1: comadrejags21 (button) (small blind) folded before Flop
Seat 2: mabeal1 (big blind) collected (60)



PokerStars Hand #259416617500: Tournament #3968075010, €0.93+€0.07 EUR Hold'em No Limit - Level IV (30/60) - 2026/01/22 18:02:53 CET [2026/01/22 12:02:53 ET]
Table '3968075010 1' 3-max Seat #2 is the button
Seat 1: comadrejags21 (885 in chips) 
Seat 2: mabeal1 (615 in chips) 
mabeal1: posts small blind 30
comadrejags21: posts big blind 60
*** HOLE CARDS ***
Dealt to mabeal1 [Kd 7s]
mabeal1: raises 555 to 615 and is all-in
comadrejags21: folds 
Uncalled bet (555) returned to mabeal1
mabeal1 collected 120 from pot
mabeal1: doesn't show hand 
*** SUMMARY ***
Total pot 120 | Rake 0 
Seat 1: comadrejags21 (big blind) folded before Flop
Seat 2: mabeal1 (button) (small blind) collected (120)



PokerStars Hand #259416619595: Tournament #3968075010, €0.93+€0.07 EUR Hold'em No Limit - Level V (40/80) - 2026/01/22 18:03:04 CET [2026/01/22 12:03:04 ET]
Table '3968075010 1' 3-max Seat #1 is the button
Seat 1: comadrejags21 (825 in chips) 
Seat 2: mabeal1 (675 in chips) 
comadrejags21: posts small blind 40
mabeal1: posts big blind 80
*** HOLE CARDS ***
Dealt to mabeal1 [3h Kd]
comadrejags21: folds 
Uncalled bet (40) returned to mabeal1
mabeal1 collected 80 from pot
mabeal1: doesn't show hand 
*** SUMMARY ***
Total pot 80 | Rake 0 
Seat 1: comadrejags21 (button) (small blind) folded before Flop
Seat 2: mabeal1 (big blind) collected (80)



PokerStars Hand #259416620429: Tournament #3968075010, €0.93+€0.07 EUR Hold'em No Limit - Level V (40/80) - 2026/01/22 18:03:09 CET [2026/01/22 12:03:09 ET]
Table '3968075010 1' 3-max Seat #2 is the button
Seat 1: comadrejags21 (785 in chips) 
Seat 2: mabeal1 (715 in chips) 
mabeal1: posts small blind 40
comadrejags21: posts big blind 80
*** HOLE CARDS ***
Dealt to mabeal1 [8h 2c]
mabeal1: folds 
Uncalled bet (40) returned to comadrejags21
comadrejags21 collected 80 from pot
*** SUMMARY ***
Total pot 80 | Rake 0 
Seat 1: comadrejags21 (big blind) collected (80)
Seat 2: mabeal1 (button) (small blind) folded before Flop



PokerStars Hand #259416621263: Tournament #3968075010, €0.93+€0.07 EUR Hold'em No Limit - Level V (40/80) - 2026/01/22 18:03:13 CET [2026/01/22 12:03:13 ET]
Table '3968075010 1' 3-max Seat #1 is the button
Seat 1: comadrejags21 (825 in chips) 
Seat 2: mabeal1 (675 in chips) 
comadrejags21: posts small blind 40
mabeal1: posts big blind 80
*** HOLE CARDS ***
Dealt to mabeal1 [Kc 2h]
comadrejags21: folds 
Uncalled bet (40) returned to mabeal1
mabeal1 collected 80 from pot
mabeal1: doesn't show hand 
*** SUMMARY ***
Total pot 80 | Rake 0 
Seat 1: comadrejags21 (button) (small blind) folded before Flop
Seat 2: mabeal1 (big blind) collected (80)



PokerStars Hand #259416623813: Tournament #3968075010, €0.93+€0.07 EUR Hold'em No Limit - Level V (40/80) - 2026/01/22 18:03:27 CET [2026/01/22 12:03:27 ET]
Table '3968075010 1' 3-max Seat #2 is the button
Seat 1: comadrejags21 (785 in chips) 
Seat 2: mabeal1 (715 in chips) 
mabeal1: posts small blind 40
comadrejags21: posts big blind 80
*** HOLE CARDS ***
Dealt to mabeal1 [9s 8h]
mabeal1: calls 40
comadrejags21: raises 705 to 785 and is all-in
mabeal1: folds 
Uncalled bet (705) returned to comadrejags21
comadrejags21 collected 160 from pot
*** SUMMARY ***
Total pot 160 | Rake 0 
Seat 1: comadrejags21 (big blind) collected (160)
Seat 2: mabeal1 (button) (small blind) folded before Flop



PokerStars Hand #259416625526: Tournament #3968075010, €0.93+€0.07 EUR Hold'em No Limit - Level V (40/80) - 2026/01/22 18:03:36 CET [2026/01/22 12:03:36 ET]
Table '3968075010 1' 3-max Seat #1 is the button
Seat 1: comadrejags21 (865 in chips) 
Seat 2: mabeal1 (635 in chips) 
comadrejags21: posts small blind 40
mabeal1: posts big blind 80
*** HOLE CARDS ***
Dealt to mabeal1 [6c Kc]
comadrejags21: raises 785 to 865 and is all-in
mabeal1: calls 555 and is all-in
Uncalled bet (230) returned to comadrejags21
*** FLOP *** [Td 4d 5h]
*** TURN *** [Td 4d 5h] [Kd]
*** RIVER *** [Td 4d 5h Kd] [Ad]
*** SHOW DOWN ***
mabeal1: shows [6c Kc] (a pair of Kings)
comadrejags21: shows [Kh Js] (a pair of Kings - Ace+Jack kicker)
comadrejags21 collected 1270 from pot
mabeal1 finished the tournament in 2nd place
comadrejags21 wins the tournament and receives €4.00 - congratulations!
*** SUMMARY ***
Total pot 1270 | Rake 0 
Board [Td 4d 5h Kd Ad]
Seat 1: comadrejags21 (button) (small blind) showed [Kh Js] and won (1270) with a pair of Kings
Seat 2: mabeal1 (big blind) showed [6c Kc] and lost with a pair of Kings



