PokerStars Hand #259458643730: Tournament #3969062608, €0.46+€0.04 EUR Hold'em No Limit - Level I (10/20) - 2026/01/25 19:28:36 CET [2026/01/25 13:28:36 ET]
Table '3969062608 1' 3-max Seat #1 is the button
Seat 1: mabeal1 (500 in chips) 
Seat 2: dh59400 (500 in chips) 
Seat 3: Ph.Rkks (500 in chips) 
dh59400: posts small blind 10
Ph.Rkks: posts big blind 20
*** HOLE CARDS ***
Dealt to mabeal1 [Ts 6d]
mabeal1: folds 
dh59400: folds 
Uncalled bet (10) returned to Ph.Rkks
Ph.Rkks collected 20 from pot
*** SUMMARY ***
Total pot 20 | Rake 0 
Seat 1: mabeal1 (button) folded before Flop (didn't bet)
Seat 2: dh59400 (small blind) folded before Flop
Seat 3: Ph.Rkks (big blind) collected (20)



PokerStars Hand #259458645210: Tournament #3969062608, €0.46+€0.04 EUR Hold'em No Limit - Level I (10/20) - 2026/01/25 19:28:42 CET [2026/01/25 13:28:42 ET]
Table '3969062608 1' 3-max Seat #2 is the button
Seat 1: mabeal1 (500 in chips) 
Seat 2: dh59400 (490 in chips) 
Seat 3: Ph.Rkks (510 in chips) 
Ph.Rkks: posts small blind 10
mabeal1: posts big blind 20
*** HOLE CARDS ***
Dealt to mabeal1 [3d 8c]
dh59400: folds 
Ph.Rkks: folds 
Uncalled bet (10) returned to mabeal1
mabeal1 collected 20 from pot
mabeal1: doesn't show hand 
*** SUMMARY ***
Total pot 20 | Rake 0 
Seat 1: mabeal1 (big blind) collected (20)
Seat 2: dh59400 (button) folded before Flop (didn't bet)
Seat 3: Ph.Rkks (small blind) folded before Flop



PokerStars Hand #259458647114: Tournament #3969062608, €0.46+€0.04 EUR Hold'em No Limit - Level I (10/20) - 2026/01/25 19:28:49 CET [2026/01/25 13:28:49 ET]
Table '3969062608 1' 3-max Seat #3 is the button
Seat 1: mabeal1 (510 in chips) 
Seat 2: dh59400 (490 in chips) 
Seat 3: Ph.Rkks (500 in chips) 
mabeal1: posts small blind 10
dh59400: posts big blind 20
*** HOLE CARDS ***
Dealt to mabeal1 [Jc 6s]
Ph.Rkks: folds 
mabeal1: folds 
Uncalled bet (10) returned to dh59400
dh59400 collected 20 from pot
*** SUMMARY ***
Total pot 20 | Rake 0 
Seat 1: mabeal1 (small blind) folded before Flop
Seat 2: dh59400 (big blind) collected (20)
Seat 3: Ph.Rkks (button) folded before Flop (didn't bet)



PokerStars Hand #259458650363: Tournament #3969062608, €0.46+€0.04 EUR Hold'em No Limit - Level I (10/20) - 2026/01/25 19:29:01 CET [2026/01/25 13:29:01 ET]
Table '3969062608 1' 3-max Seat #1 is the button
Seat 1: mabeal1 (500 in chips) 
Seat 2: dh59400 (500 in chips) 
Seat 3: Ph.Rkks (500 in chips) 
dh59400: posts small blind 10
Ph.Rkks: posts big blind 20
*** HOLE CARDS ***
Dealt to mabeal1 [Jh 6c]
mabeal1: folds 
dh59400: calls 10
Ph.Rkks: checks 
*** FLOP *** [Js Qc 5h]
dh59400: checks 
Ph.Rkks: checks 
*** TURN *** [Js Qc 5h] [7c]
dh59400: checks 
Ph.Rkks: bets 20
dh59400: calls 20
*** RIVER *** [Js Qc 5h 7c] [8s]
dh59400: checks 
Ph.Rkks: checks 
*** SHOW DOWN ***
dh59400: shows [Jd 6d] (a pair of Jacks)
Ph.Rkks: mucks hand 
dh59400 collected 80 from pot
*** SUMMARY ***
Total pot 80 | Rake 0 
Board [Js Qc 5h 7c 8s]
Seat 1: mabeal1 (button) folded before Flop (didn't bet)
Seat 2: dh59400 (small blind) showed [Jd 6d] and won (80) with a pair of Jacks
Seat 3: Ph.Rkks (big blind) mucked [9c 7d]



PokerStars Hand #259458654619: Tournament #3969062608, €0.46+€0.04 EUR Hold'em No Limit - Level I (10/20) - 2026/01/25 19:29:17 CET [2026/01/25 13:29:17 ET]
Table '3969062608 1' 3-max Seat #2 is the button
Seat 1: mabeal1 (500 in chips) 
Seat 2: dh59400 (540 in chips) 
Seat 3: Ph.Rkks (460 in chips) 
Ph.Rkks: posts small blind 10
mabeal1: posts big blind 20
*** HOLE CARDS ***
Dealt to mabeal1 [9c Ad]
dh59400: calls 20
Ph.Rkks: calls 10
mabeal1: raises 480 to 500 and is all-in
dh59400: folds 
Ph.Rkks: folds 
Uncalled bet (480) returned to mabeal1
mabeal1 collected 60 from pot
mabeal1: doesn't show hand 
*** SUMMARY ***
Total pot 60 | Rake 0 
Seat 1: mabeal1 (big blind) collected (60)
Seat 2: dh59400 (button) folded before Flop
Seat 3: Ph.Rkks (small blind) folded before Flop



PokerStars Hand #259458657750: Tournament #3969062608, €0.46+€0.04 EUR Hold'em No Limit - Level I (10/20) - 2026/01/25 19:29:28 CET [2026/01/25 13:29:28 ET]
Table '3969062608 1' 3-max Seat #3 is the button
Seat 1: mabeal1 (540 in chips) 
Seat 2: dh59400 (520 in chips) 
Seat 3: Ph.Rkks (440 in chips) 
mabeal1: posts small blind 10
dh59400: posts big blind 20
*** HOLE CARDS ***
Dealt to mabeal1 [6d 7s]
Ph.Rkks: raises 20 to 40
mabeal1: folds 
dh59400: calls 20
*** FLOP *** [Jc 3s 3c]
dh59400: checks 
Ph.Rkks: bets 90
dh59400: folds 
Uncalled bet (90) returned to Ph.Rkks
Ph.Rkks collected 90 from pot
*** SUMMARY ***
Total pot 90 | Rake 0 
Board [Jc 3s 3c]
Seat 1: mabeal1 (small blind) folded before Flop
Seat 2: dh59400 (big blind) folded on the Flop
Seat 3: Ph.Rkks (button) collected (90)



PokerStars Hand #259458661671: Tournament #3969062608, €0.46+€0.04 EUR Hold'em No Limit - Level I (10/20) - 2026/01/25 19:29:43 CET [2026/01/25 13:29:43 ET]
Table '3969062608 1' 3-max Seat #1 is the button
Seat 1: mabeal1 (530 in chips) 
Seat 2: dh59400 (480 in chips) 
Seat 3: Ph.Rkks (490 in chips) 
dh59400: posts small blind 10
Ph.Rkks: posts big blind 20
*** HOLE CARDS ***
Dealt to mabeal1 [Kh As]
mabeal1: raises 510 to 530 and is all-in
dh59400: folds 
Ph.Rkks: folds 
Uncalled bet (510) returned to mabeal1
mabeal1 collected 50 from pot
mabeal1: doesn't show hand 
*** SUMMARY ***
Total pot 50 | Rake 0 
Seat 1: mabeal1 (button) collected (50)
Seat 2: dh59400 (small blind) folded before Flop
Seat 3: Ph.Rkks (big blind) folded before Flop



PokerStars Hand #259458664615: Tournament #3969062608, €0.46+€0.04 EUR Hold'em No Limit - Level I (10/20) - 2026/01/25 19:29:53 CET [2026/01/25 13:29:53 ET]
Table '3969062608 1' 3-max Seat #2 is the button
Seat 1: mabeal1 (560 in chips) 
Seat 2: dh59400 (470 in chips) 
Seat 3: Ph.Rkks (470 in chips) 
Ph.Rkks: posts small blind 10
mabeal1: posts big blind 20
*** HOLE CARDS ***
Dealt to mabeal1 [4c Th]
dh59400: folds 
Ph.Rkks: calls 10
mabeal1: checks 
*** FLOP *** [Tc Qh 9d]
Ph.Rkks: checks 
mabeal1: checks 
*** TURN *** [Tc Qh 9d] [Js]
Ph.Rkks: bets 20
mabeal1: calls 20
*** RIVER *** [Tc Qh 9d Js] [Ks]
Ph.Rkks: bets 80
mabeal1: calls 80
*** SHOW DOWN ***
Ph.Rkks: shows [As Qd] (a straight, Ten to Ace)
mabeal1: mucks hand 
Ph.Rkks collected 240 from pot
*** SUMMARY ***
Total pot 240 | Rake 0 
Board [Tc Qh 9d Js Ks]
Seat 1: mabeal1 (big blind) mucked [4c Th]
Seat 2: dh59400 (button) folded before Flop (didn't bet)
Seat 3: Ph.Rkks (small blind) showed [As Qd] and won (240) with a straight, Ten to Ace



PokerStars Hand #259458669933: Tournament #3969062608, €0.46+€0.04 EUR Hold'em No Limit - Level I (10/20) - 2026/01/25 19:30:12 CET [2026/01/25 13:30:12 ET]
Table '3969062608 1' 3-max Seat #3 is the button
Seat 1: mabeal1 (440 in chips) 
Seat 2: dh59400 (470 in chips) 
Seat 3: Ph.Rkks (590 in chips) 
mabeal1: posts small blind 10
dh59400: posts big blind 20
*** HOLE CARDS ***
Dealt to mabeal1 [Ac 5d]
Ph.Rkks: calls 20
mabeal1: raises 420 to 440 and is all-in
dh59400: folds 
Ph.Rkks: folds 
Uncalled bet (420) returned to mabeal1
mabeal1 collected 60 from pot
mabeal1: doesn't show hand 
*** SUMMARY ***
Total pot 60 | Rake 0 
Seat 1: mabeal1 (small blind) collected (60)
Seat 2: dh59400 (big blind) folded before Flop
Seat 3: Ph.Rkks (button) folded before Flop



PokerStars Hand #259458674025: Tournament #3969062608, €0.46+€0.04 EUR Hold'em No Limit - Level I (10/20) - 2026/01/25 19:30:27 CET [2026/01/25 13:30:27 ET]
Table '3969062608 1' 3-max Seat #1 is the button
Seat 1: mabeal1 (480 in chips) 
Seat 2: dh59400 (450 in chips) 
Seat 3: Ph.Rkks (570 in chips) 
dh59400: posts small blind 10
Ph.Rkks: posts big blind 20
*** HOLE CARDS ***
Dealt to mabeal1 [9d 6d]
mabeal1: raises 20 to 40
dh59400: folds 
Ph.Rkks: folds 
Uncalled bet (20) returned to mabeal1
mabeal1 collected 50 from pot
mabeal1: doesn't show hand 
*** SUMMARY ***
Total pot 50 | Rake 0 
Seat 1: mabeal1 (button) collected (50)
Seat 2: dh59400 (small blind) folded before Flop
Seat 3: Ph.Rkks (big blind) folded before Flop



PokerStars Hand #259458678362: Tournament #3969062608, €0.46+€0.04 EUR Hold'em No Limit - Level I (10/20) - 2026/01/25 19:30:43 CET [2026/01/25 13:30:43 ET]
Table '3969062608 1' 3-max Seat #2 is the button
Seat 1: mabeal1 (510 in chips) 
Seat 2: dh59400 (440 in chips) 
Seat 3: Ph.Rkks (550 in chips) 
Ph.Rkks: posts small blind 10
mabeal1: posts big blind 20
*** HOLE CARDS ***
Dealt to mabeal1 [Th 8c]
dh59400: folds 
Ph.Rkks: folds 
Uncalled bet (10) returned to mabeal1
mabeal1 collected 20 from pot
mabeal1: doesn't show hand 
*** SUMMARY ***
Total pot 20 | Rake 0 
Seat 1: mabeal1 (big blind) collected (20)
Seat 2: dh59400 (button) folded before Flop (didn't bet)
Seat 3: Ph.Rkks (small blind) folded before Flop



PokerStars Hand #259458679803: Tournament #3969062608, €0.46+€0.04 EUR Hold'em No Limit - Level I (10/20) - 2026/01/25 19:30:48 CET [2026/01/25 13:30:48 ET]
Table '3969062608 1' 3-max Seat #3 is the button
Seat 1: mabeal1 (520 in chips) 
Seat 2: dh59400 (440 in chips) 
Seat 3: Ph.Rkks (540 in chips) 
mabeal1: posts small blind 10
dh59400: posts big blind 20
*** HOLE CARDS ***
Dealt to mabeal1 [Qs Ks]
Ph.Rkks: folds 
mabeal1: raises 20 to 40
dh59400: calls 20
*** FLOP *** [3s Qd Kh]
mabeal1: bets 40
dh59400: folds 
Uncalled bet (40) returned to mabeal1
mabeal1 collected 80 from pot
mabeal1: doesn't show hand 
*** SUMMARY ***
Total pot 80 | Rake 0 
Board [3s Qd Kh]
Seat 1: mabeal1 (small blind) collected (80)
Seat 2: dh59400 (big blind) folded on the Flop
Seat 3: Ph.Rkks (button) folded before Flop (didn't bet)



PokerStars Hand #259458683154: Tournament #3969062608, €0.46+€0.04 EUR Hold'em No Limit - Level I (10/20) - 2026/01/25 19:31:00 CET [2026/01/25 13:31:00 ET]
Table '3969062608 1' 3-max Seat #1 is the button
Seat 1: mabeal1 (560 in chips) 
Seat 2: dh59400 (400 in chips) 
Seat 3: Ph.Rkks (540 in chips) 
dh59400: posts small blind 10
Ph.Rkks: posts big blind 20
*** HOLE CARDS ***
Dealt to mabeal1 [Jh Ad]
mabeal1: raises 20 to 40
dh59400: calls 30
Ph.Rkks: folds 
*** FLOP *** [5c 5s 6h]
dh59400: checks 
mabeal1: checks 
*** TURN *** [5c 5s 6h] [3d]
dh59400: checks 
mabeal1: checks 
*** RIVER *** [5c 5s 6h 3d] [Kh]
dh59400: bets 80
mabeal1: folds 
Uncalled bet (80) returned to dh59400
dh59400 collected 100 from pot
dh59400: shows [Ac]
*** SUMMARY ***
Total pot 100 | Rake 0 
Board [5c 5s 6h 3d Kh]
Seat 1: mabeal1 (button) folded on the River
Seat 2: dh59400 (small blind) collected (100)
Seat 3: Ph.Rkks (big blind) folded before Flop



PokerStars Hand #259458689162: Tournament #3969062608, €0.46+€0.04 EUR Hold'em No Limit - Level I (10/20) - 2026/01/25 19:31:22 CET [2026/01/25 13:31:22 ET]
Table '3969062608 1' 3-max Seat #2 is the button
Seat 1: mabeal1 (520 in chips) 
Seat 2: dh59400 (460 in chips) 
Seat 3: Ph.Rkks (520 in chips) 
Ph.Rkks: posts small blind 10
mabeal1: posts big blind 20
*** HOLE CARDS ***
Dealt to mabeal1 [Qh Th]
dh59400: folds 
Ph.Rkks: folds 
Uncalled bet (10) returned to mabeal1
mabeal1 collected 20 from pot
mabeal1: doesn't show hand 
*** SUMMARY ***
Total pot 20 | Rake 0 
Seat 1: mabeal1 (big blind) collected (20)
Seat 2: dh59400 (button) folded before Flop (didn't bet)
Seat 3: Ph.Rkks (small blind) folded before Flop



PokerStars Hand #259458690698: Tournament #3969062608, €0.46+€0.04 EUR Hold'em No Limit - Level I (10/20) - 2026/01/25 19:31:27 CET [2026/01/25 13:31:27 ET]
Table '3969062608 1' 3-max Seat #3 is the button
Seat 1: mabeal1 (530 in chips) 
Seat 2: dh59400 (460 in chips) 
Seat 3: Ph.Rkks (510 in chips) 
mabeal1: posts small blind 10
dh59400: posts big blind 20
*** HOLE CARDS ***
Dealt to mabeal1 [9d 7s]
Ph.Rkks: folds 
mabeal1: raises 20 to 40
dh59400: calls 20
*** FLOP *** [Ks 4c 3d]
mabeal1: bets 40
dh59400: calls 40
*** TURN *** [Ks 4c 3d] [8c]
mabeal1: bets 120
dh59400: folds [8h]
Uncalled bet (120) returned to mabeal1
mabeal1 collected 160 from pot
mabeal1: doesn't show hand 
*** SUMMARY ***
Total pot 160 | Rake 0 
Board [Ks 4c 3d 8c]
Seat 1: mabeal1 (small blind) collected (160)
Seat 2: dh59400 (big blind) folded on the Turn
Seat 3: Ph.Rkks (button) folded before Flop (didn't bet)



PokerStars Hand #259458699130: Tournament #3969062608, €0.46+€0.04 EUR Hold'em No Limit - Level II (15/30) - 2026/01/25 19:31:58 CET [2026/01/25 13:31:58 ET]
Table '3969062608 1' 3-max Seat #1 is the button
Seat 1: mabeal1 (610 in chips) 
Seat 2: dh59400 (380 in chips) 
Seat 3: Ph.Rkks (510 in chips) 
dh59400: posts small blind 15
Ph.Rkks: posts big blind 30
*** HOLE CARDS ***
Dealt to mabeal1 [9c Qs]
mabeal1: raises 30 to 60
dh59400: raises 320 to 380 and is all-in
Ph.Rkks: folds 
mabeal1: folds 
Uncalled bet (320) returned to dh59400
dh59400 collected 150 from pot
*** SUMMARY ***
Total pot 150 | Rake 0 
Seat 1: mabeal1 (button) folded before Flop
Seat 2: dh59400 (small blind) collected (150)
Seat 3: Ph.Rkks (big blind) folded before Flop



PokerStars Hand #259458703385: Tournament #3969062608, €0.46+€0.04 EUR Hold'em No Limit - Level II (15/30) - 2026/01/25 19:32:13 CET [2026/01/25 13:32:13 ET]
Table '3969062608 1' 3-max Seat #2 is the button
Seat 1: mabeal1 (550 in chips) 
Seat 2: dh59400 (470 in chips) 
Seat 3: Ph.Rkks (480 in chips) 
Ph.Rkks: posts small blind 15
mabeal1: posts big blind 30
*** HOLE CARDS ***
Dealt to mabeal1 [Qc 8s]
dh59400: folds 
Ph.Rkks: calls 15
mabeal1: checks 
*** FLOP *** [As 8c 4s]
Ph.Rkks: checks 
mabeal1: bets 30
Ph.Rkks: calls 30
*** TURN *** [As 8c 4s] [5h]
Ph.Rkks: checks 
mabeal1: checks 
*** RIVER *** [As 8c 4s 5h] [Ac]
Ph.Rkks: bets 60
mabeal1: raises 430 to 490 and is all-in
Ph.Rkks: calls 360 and is all-in
Uncalled bet (70) returned to mabeal1
*** SHOW DOWN ***
mabeal1: shows [Qc 8s] (two pair, Aces and Eights)
Ph.Rkks: shows [Ah Ks] (three of a kind, Aces)
Ph.Rkks collected 960 from pot
*** SUMMARY ***
Total pot 960 | Rake 0 
Board [As 8c 4s 5h Ac]
Seat 1: mabeal1 (big blind) showed [Qc 8s] and lost with two pair, Aces and Eights
Seat 2: dh59400 (button) folded before Flop (didn't bet)
Seat 3: Ph.Rkks (small blind) showed [Ah Ks] and won (960) with three of a kind, Aces



PokerStars Hand #259458712243: Tournament #3969062608, €0.46+€0.04 EUR Hold'em No Limit - Level II (15/30) - 2026/01/25 19:32:45 CET [2026/01/25 13:32:45 ET]
Table '3969062608 1' 3-max Seat #3 is the button
Seat 1: mabeal1 (70 in chips) 
Seat 2: dh59400 (470 in chips) 
Seat 3: Ph.Rkks (960 in chips) 
mabeal1: posts small blind 15
dh59400: posts big blind 30
*** HOLE CARDS ***
Dealt to mabeal1 [7s As]
Ph.Rkks: folds 
mabeal1: raises 40 to 70 and is all-in
dh59400: folds 
Uncalled bet (40) returned to mabeal1
mabeal1 collected 60 from pot
mabeal1: doesn't show hand 
*** SUMMARY ***
Total pot 60 | Rake 0 
Seat 1: mabeal1 (small blind) collected (60)
Seat 2: dh59400 (big blind) folded before Flop
Seat 3: Ph.Rkks (button) folded before Flop (didn't bet)



PokerStars Hand #259458714409: Tournament #3969062608, €0.46+€0.04 EUR Hold'em No Limit - Level II (15/30) - 2026/01/25 19:32:52 CET [2026/01/25 13:32:52 ET]
Table '3969062608 1' 3-max Seat #1 is the button
Seat 1: mabeal1 (100 in chips) 
Seat 2: dh59400 (440 in chips) 
Seat 3: Ph.Rkks (960 in chips) 
dh59400: posts small blind 15
Ph.Rkks: posts big blind 30
*** HOLE CARDS ***
Dealt to mabeal1 [Qd 5c]
mabeal1: folds 
dh59400: calls 15
Ph.Rkks: checks 
*** FLOP *** [8c 7h 5s]
dh59400: checks 
Ph.Rkks: bets 30
dh59400: folds 
Uncalled bet (30) returned to Ph.Rkks
Ph.Rkks collected 60 from pot
*** SUMMARY ***
Total pot 60 | Rake 0 
Board [8c 7h 5s]
Seat 1: mabeal1 (button) folded before Flop (didn't bet)
Seat 2: dh59400 (small blind) folded on the Flop
Seat 3: Ph.Rkks (big blind) collected (60)



PokerStars Hand #259458721507: Tournament #3969062608, €0.46+€0.04 EUR Hold'em No Limit - Level II (15/30) - 2026/01/25 19:33:18 CET [2026/01/25 13:33:18 ET]
Table '3969062608 1' 3-max Seat #2 is the button
Seat 1: mabeal1 (100 in chips) 
Seat 2: dh59400 (410 in chips) 
Seat 3: Ph.Rkks (990 in chips) 
Ph.Rkks: posts small blind 15
mabeal1: posts big blind 30
*** HOLE CARDS ***
Dealt to mabeal1 [5d Ks]
dh59400: folds 
Ph.Rkks: calls 15
mabeal1: raises 70 to 100 and is all-in
Ph.Rkks: calls 70
*** FLOP *** [7h 5s 4c]
*** TURN *** [7h 5s 4c] [Ad]
*** RIVER *** [7h 5s 4c Ad] [Ac]
*** SHOW DOWN ***
Ph.Rkks: shows [9s Jd] (a pair of Aces)
mabeal1: shows [5d Ks] (two pair, Aces and Fives)
mabeal1 collected 200 from pot
*** SUMMARY ***
Total pot 200 | Rake 0 
Board [7h 5s 4c Ad Ac]
Seat 1: mabeal1 (big blind) showed [5d Ks] and won (200) with two pair, Aces and Fives
Seat 2: dh59400 (button) folded before Flop (didn't bet)
Seat 3: Ph.Rkks (small blind) showed [9s Jd] and lost with a pair of Aces



PokerStars Hand #259458726319: Tournament #3969062608, €0.46+€0.04 EUR Hold'em No Limit - Level II (15/30) - 2026/01/25 19:33:36 CET [2026/01/25 13:33:36 ET]
Table '3969062608 1' 3-max Seat #3 is the button
Seat 1: mabeal1 (200 in chips) 
Seat 2: dh59400 (410 in chips) 
Seat 3: Ph.Rkks (890 in chips) 
mabeal1: posts small blind 15
dh59400: posts big blind 30
*** HOLE CARDS ***
Dealt to mabeal1 [Jc 2c]
Ph.Rkks: calls 30
mabeal1: calls 15
dh59400: checks 
*** FLOP *** [Kh 9d Ts]
mabeal1: checks 
dh59400: checks 
Ph.Rkks: bets 60
mabeal1: folds 
dh59400: folds 
Uncalled bet (60) returned to Ph.Rkks
Ph.Rkks collected 90 from pot
*** SUMMARY ***
Total pot 90 | Rake 0 
Board [Kh 9d Ts]
Seat 1: mabeal1 (small blind) folded on the Flop
Seat 2: dh59400 (big blind) folded on the Flop
Seat 3: Ph.Rkks (button) collected (90)



PokerStars Hand #259458734926: Tournament #3969062608, €0.46+€0.04 EUR Hold'em No Limit - Level II (15/30) - 2026/01/25 19:34:07 CET [2026/01/25 13:34:07 ET]
Table '3969062608 1' 3-max Seat #1 is the button
Seat 1: mabeal1 (170 in chips) 
Seat 2: dh59400 (380 in chips) 
Seat 3: Ph.Rkks (950 in chips) 
dh59400: posts small blind 15
Ph.Rkks: posts big blind 30
*** HOLE CARDS ***
Dealt to mabeal1 [9s Qc]
mabeal1: raises 140 to 170 and is all-in
dh59400: folds 
Ph.Rkks: calls 140
*** FLOP *** [8d As 5d]
*** TURN *** [8d As 5d] [3s]
*** RIVER *** [8d As 5d 3s] [6c]
*** SHOW DOWN ***
Ph.Rkks: shows [9d Jd] (high card Ace)
mabeal1: shows [9s Qc] (high card Ace - Queen kicker)
mabeal1 collected 355 from pot
*** SUMMARY ***
Total pot 355 | Rake 0 
Board [8d As 5d 3s 6c]
Seat 1: mabeal1 (button) showed [9s Qc] and won (355) with high card Ace
Seat 2: dh59400 (small blind) folded before Flop
Seat 3: Ph.Rkks (big blind) showed [9d Jd] and lost with high card Ace



PokerStars Hand #259458738797: Tournament #3969062608, €0.46+€0.04 EUR Hold'em No Limit - Level II (15/30) - 2026/01/25 19:34:21 CET [2026/01/25 13:34:21 ET]
Table '3969062608 1' 3-max Seat #2 is the button
Seat 1: mabeal1 (355 in chips) 
Seat 2: dh59400 (365 in chips) 
Seat 3: Ph.Rkks (780 in chips) 
Ph.Rkks: posts small blind 15
mabeal1: posts big blind 30
*** HOLE CARDS ***
Dealt to mabeal1 [Ts 7c]
dh59400: folds 
Ph.Rkks: folds 
Uncalled bet (15) returned to mabeal1
mabeal1 collected 30 from pot
mabeal1: doesn't show hand 
*** SUMMARY ***
Total pot 30 | Rake 0 
Seat 1: mabeal1 (big blind) collected (30)
Seat 2: dh59400 (button) folded before Flop (didn't bet)
Seat 3: Ph.Rkks (small blind) folded before Flop



PokerStars Hand #259458740703: Tournament #3969062608, €0.46+€0.04 EUR Hold'em No Limit - Level II (15/30) - 2026/01/25 19:34:28 CET [2026/01/25 13:34:28 ET]
Table '3969062608 1' 3-max Seat #3 is the button
Seat 1: mabeal1 (370 in chips) 
Seat 2: dh59400 (365 in chips) 
Seat 3: Ph.Rkks (765 in chips) 
mabeal1: posts small blind 15
dh59400: posts big blind 30
*** HOLE CARDS ***
Dealt to mabeal1 [9s Ts]
Ph.Rkks: folds 
mabeal1: raises 340 to 370 and is all-in
dh59400: calls 335 and is all-in
Uncalled bet (5) returned to mabeal1
*** FLOP *** [As Jh 3h]
*** TURN *** [As Jh 3h] [7c]
*** RIVER *** [As Jh 3h 7c] [2h]
*** SHOW DOWN ***
mabeal1: shows [9s Ts] (high card Ace)
dh59400: shows [9c 8c] (high card Ace - lower kicker)
mabeal1 collected 730 from pot
dh59400 finished the tournament in 3rd place
*** SUMMARY ***
Total pot 730 | Rake 0 
Board [As Jh 3h 7c 2h]
Seat 1: mabeal1 (small blind) showed [9s Ts] and won (730) with high card Ace
Seat 2: dh59400 (big blind) showed [9c 8c] and lost with high card Ace
Seat 3: Ph.Rkks (button) folded before Flop (didn't bet)



PokerStars Hand #259458747587: Tournament #3969062608, €0.46+€0.04 EUR Hold'em No Limit - Level III (20/40) - 2026/01/25 19:34:53 CET [2026/01/25 13:34:53 ET]
Table '3969062608 1' 3-max Seat #1 is the button
Seat 1: mabeal1 (735 in chips) 
Seat 3: Ph.Rkks (765 in chips) 
mabeal1: posts small blind 20
Ph.Rkks: posts big blind 40
*** HOLE CARDS ***
Dealt to mabeal1 [Ad 6h]
mabeal1: raises 40 to 80
Ph.Rkks: folds 
Uncalled bet (40) returned to mabeal1
mabeal1 collected 80 from pot
mabeal1: doesn't show hand 
*** SUMMARY ***
Total pot 80 | Rake 0 
Seat 1: mabeal1 (button) (small blind) collected (80)
Seat 3: Ph.Rkks (big blind) folded before Flop



PokerStars Hand #259458750152: Tournament #3969062608, €0.46+€0.04 EUR Hold'em No Limit - Level III (20/40) - 2026/01/25 19:35:03 CET [2026/01/25 13:35:03 ET]
Table '3969062608 1' 3-max Seat #3 is the button
Seat 1: mabeal1 (775 in chips) 
Seat 3: Ph.Rkks (725 in chips) 
Ph.Rkks: posts small blind 20
mabeal1: posts big blind 40
*** HOLE CARDS ***
Dealt to mabeal1 [2h 8d]
Ph.Rkks: calls 20
mabeal1: checks 
*** FLOP *** [7d 2c 6c]
mabeal1: checks 
Ph.Rkks: checks 
*** TURN *** [7d 2c 6c] [3c]
mabeal1: checks 
Ph.Rkks: checks 
*** RIVER *** [7d 2c 6c 3c] [8s]
mabeal1: bets 735 and is all-in
Ph.Rkks: folds 
Uncalled bet (735) returned to mabeal1
mabeal1 collected 80 from pot
mabeal1: doesn't show hand 
*** SUMMARY ***
Total pot 80 | Rake 0 
Board [7d 2c 6c 3c 8s]
Seat 1: mabeal1 (big blind) collected (80)
Seat 3: Ph.Rkks (button) (small blind) folded on the River



PokerStars Hand #259458756680: Tournament #3969062608, €0.46+€0.04 EUR Hold'em No Limit - Level III (20/40) - 2026/01/25 19:35:27 CET [2026/01/25 13:35:27 ET]
Table '3969062608 1' 3-max Seat #1 is the button
Seat 1: mabeal1 (815 in chips) 
Seat 3: Ph.Rkks (685 in chips) 
mabeal1: posts small blind 20
Ph.Rkks: posts big blind 40
*** HOLE CARDS ***
Dealt to mabeal1 [Jc Js]
mabeal1: calls 20
Ph.Rkks: raises 40 to 80
mabeal1: raises 160 to 240
Ph.Rkks: raises 160 to 400
mabeal1: raises 415 to 815 and is all-in
Ph.Rkks: calls 285 and is all-in
Uncalled bet (130) returned to mabeal1
*** FLOP *** [2h 3h 5c]
*** TURN *** [2h 3h 5c] [Td]
*** RIVER *** [2h 3h 5c Td] [4d]
*** SHOW DOWN ***
Ph.Rkks: shows [Kh Ac] (a straight, Ace to Five)
mabeal1: shows [Jc Js] (a pair of Jacks)
Ph.Rkks collected 1370 from pot
*** SUMMARY ***
Total pot 1370 | Rake 0 
Board [2h 3h 5c Td 4d]
Seat 1: mabeal1 (button) (small blind) showed [Jc Js] and lost with a pair of Jacks
Seat 3: Ph.Rkks (big blind) showed [Kh Ac] and won (1370) with a straight, Ace to Five



PokerStars Hand #259458761732: Tournament #3969062608, €0.46+€0.04 EUR Hold'em No Limit - Level III (20/40) - 2026/01/25 19:35:44 CET [2026/01/25 13:35:44 ET]
Table '3969062608 1' 3-max Seat #3 is the button
Seat 1: mabeal1 (130 in chips) 
Seat 3: Ph.Rkks (1370 in chips) 
Ph.Rkks: posts small blind 20
mabeal1: posts big blind 40
*** HOLE CARDS ***
Dealt to mabeal1 [2c 3s]
Ph.Rkks is disconnected 
Ph.Rkks has timed out while disconnected
Ph.Rkks: folds 
Uncalled bet (20) returned to mabeal1
mabeal1 collected 40 from pot
mabeal1: doesn't show hand 
*** SUMMARY ***
Total pot 40 | Rake 0 
Seat 1: mabeal1 (big blind) collected (40)
Seat 3: Ph.Rkks (button) (small blind) folded before Flop



PokerStars Hand #259458773784: Tournament #3969062608, €0.46+€0.04 EUR Hold'em No Limit - Level III (20/40) - 2026/01/25 19:36:28 CET [2026/01/25 13:36:28 ET]
Table '3969062608 1' 3-max Seat #1 is the button
Seat 1: mabeal1 (150 in chips) 
Seat 3: Ph.Rkks (1350 in chips) 
mabeal1: posts small blind 20
Ph.Rkks: posts big blind 40
*** HOLE CARDS ***
Dealt to mabeal1 [9d 9s]
mabeal1: raises 110 to 150 and is all-in
Ph.Rkks has timed out while disconnected
Ph.Rkks: folds 
Uncalled bet (110) returned to mabeal1
mabeal1 collected 80 from pot
mabeal1: doesn't show hand 
*** SUMMARY ***
Total pot 80 | Rake 0 
Seat 1: mabeal1 (button) (small blind) collected (80)
Seat 3: Ph.Rkks (big blind) folded before Flop



PokerStars Hand #259458782512: Tournament #3969062608, €0.46+€0.04 EUR Hold'em No Limit - Level III (20/40) - 2026/01/25 19:37:00 CET [2026/01/25 13:37:00 ET]
Table '3969062608 1' 3-max Seat #3 is the button
Seat 1: mabeal1 (190 in chips) 
Seat 3: Ph.Rkks (1310 in chips) 
Ph.Rkks: posts small blind 20
mabeal1: posts big blind 40
*** HOLE CARDS ***
Dealt to mabeal1 [9h Kh]
Ph.Rkks has timed out while disconnected
Ph.Rkks: folds 
Uncalled bet (20) returned to mabeal1
mabeal1 collected 40 from pot
mabeal1: doesn't show hand 
*** SUMMARY ***
Total pot 40 | Rake 0 
Seat 1: mabeal1 (big blind) collected (40)
Seat 3: Ph.Rkks (button) (small blind) folded before Flop



PokerStars Hand #259458786375: Tournament #3969062608, €0.46+€0.04 EUR Hold'em No Limit - Level III (20/40) - 2026/01/25 19:37:14 CET [2026/01/25 13:37:14 ET]
Table '3969062608 1' 3-max Seat #1 is the button
Seat 1: mabeal1 (210 in chips) 
Seat 3: Ph.Rkks (1290 in chips) 
mabeal1: posts small blind 20
Ph.Rkks: posts big blind 40
*** HOLE CARDS ***
Dealt to mabeal1 [Jd Qh]
mabeal1: raises 170 to 210 and is all-in
Ph.Rkks has timed out while disconnected
Ph.Rkks: folds 
Uncalled bet (170) returned to mabeal1
mabeal1 collected 80 from pot
mabeal1: doesn't show hand 
*** SUMMARY ***
Total pot 80 | Rake 0 
Seat 1: mabeal1 (button) (small blind) collected (80)
Seat 3: Ph.Rkks (big blind) folded before Flop



PokerStars Hand #259458791198: Tournament #3969062608, €0.46+€0.04 EUR Hold'em No Limit - Level III (20/40) - 2026/01/25 19:37:31 CET [2026/01/25 13:37:31 ET]
Table '3969062608 1' 3-max Seat #3 is the button
Seat 1: mabeal1 (250 in chips) 
Seat 3: Ph.Rkks (1250 in chips) 
Ph.Rkks: posts small blind 20
mabeal1: posts big blind 40
*** HOLE CARDS ***
Dealt to mabeal1 [2c 7h]
Ph.Rkks has timed out while disconnected
Ph.Rkks: folds 
Uncalled bet (20) returned to mabeal1
mabeal1 collected 40 from pot
mabeal1: doesn't show hand 
*** SUMMARY ***
Total pot 40 | Rake 0 
Seat 1: mabeal1 (big blind) collected (40)
Seat 3: Ph.Rkks (button) (small blind) folded before Flop



PokerStars Hand #259458794976: Tournament #3969062608, €0.46+€0.04 EUR Hold'em No Limit - Level III (20/40) - 2026/01/25 19:37:45 CET [2026/01/25 13:37:45 ET]
Table '3969062608 1' 3-max Seat #1 is the button
Seat 1: mabeal1 (270 in chips) 
Seat 3: Ph.Rkks (1230 in chips) 
mabeal1: posts small blind 20
Ph.Rkks: posts big blind 40
*** HOLE CARDS ***
Dealt to mabeal1 [7s Kh]
mabeal1: raises 230 to 270 and is all-in
Ph.Rkks has timed out while disconnected
Ph.Rkks: folds 
Uncalled bet (230) returned to mabeal1
mabeal1 collected 80 from pot
mabeal1: doesn't show hand 
*** SUMMARY ***
Total pot 80 | Rake 0 
Seat 1: mabeal1 (button) (small blind) collected (80)
Seat 3: Ph.Rkks (big blind) folded before Flop



PokerStars Hand #259458799549: Tournament #3969062608, €0.46+€0.04 EUR Hold'em No Limit - Level III (20/40) - 2026/01/25 19:38:02 CET [2026/01/25 13:38:02 ET]
Table '3969062608 1' 3-max Seat #3 is the button
Seat 1: mabeal1 (310 in chips) 
Seat 3: Ph.Rkks (1190 in chips) 
Ph.Rkks: posts small blind 20
mabeal1: posts big blind 40
*** HOLE CARDS ***
Dealt to mabeal1 [7d Td]
Ph.Rkks has timed out while disconnected
Ph.Rkks: folds 
Uncalled bet (20) returned to mabeal1
mabeal1 collected 40 from pot
mabeal1: doesn't show hand 
*** SUMMARY ***
Total pot 40 | Rake 0 
Seat 1: mabeal1 (big blind) collected (40)
Seat 3: Ph.Rkks (button) (small blind) folded before Flop



PokerStars Hand #259458803345: Tournament #3969062608, €0.46+€0.04 EUR Hold'em No Limit - Level III (20/40) - 2026/01/25 19:38:15 CET [2026/01/25 13:38:15 ET]
Table '3969062608 1' 3-max Seat #1 is the button
Seat 1: mabeal1 (330 in chips) 
Seat 3: Ph.Rkks (1170 in chips) 
mabeal1: posts small blind 20
Ph.Rkks: posts big blind 40
*** HOLE CARDS ***
Dealt to mabeal1 [7c Qs]
mabeal1: raises 40 to 80
Ph.Rkks has timed out while disconnected
Ph.Rkks: folds 
Uncalled bet (40) returned to mabeal1
mabeal1 collected 80 from pot
mabeal1: doesn't show hand 
*** SUMMARY ***
Total pot 80 | Rake 0 
Seat 1: mabeal1 (button) (small blind) collected (80)
Seat 3: Ph.Rkks (big blind) folded before Flop



PokerStars Hand #259458808645: Tournament #3969062608, €0.46+€0.04 EUR Hold'em No Limit - Level IV (30/60) - 2026/01/25 19:38:35 CET [2026/01/25 13:38:35 ET]
Table '3969062608 1' 3-max Seat #3 is the button
Seat 1: mabeal1 (370 in chips) 
Seat 3: Ph.Rkks (1130 in chips) 
Ph.Rkks: posts small blind 30
mabeal1: posts big blind 60
*** HOLE CARDS ***
Dealt to mabeal1 [3c Th]
Ph.Rkks has timed out while disconnected
Ph.Rkks: folds 
Uncalled bet (30) returned to mabeal1
mabeal1 collected 60 from pot
mabeal1: doesn't show hand 
*** SUMMARY ***
Total pot 60 | Rake 0 
Seat 1: mabeal1 (big blind) collected (60)
Seat 3: Ph.Rkks (button) (small blind) folded before Flop



PokerStars Hand #259458812552: Tournament #3969062608, €0.46+€0.04 EUR Hold'em No Limit - Level IV (30/60) - 2026/01/25 19:38:49 CET [2026/01/25 13:38:49 ET]
Table '3969062608 1' 3-max Seat #1 is the button
Seat 1: mabeal1 (400 in chips) 
Seat 3: Ph.Rkks (1100 in chips) 
mabeal1: posts small blind 30
Ph.Rkks: posts big blind 60
*** HOLE CARDS ***
Dealt to mabeal1 [6d Ts]
mabeal1: raises 60 to 120
Ph.Rkks has timed out while disconnected
Ph.Rkks: folds 
Uncalled bet (60) returned to mabeal1
mabeal1 collected 120 from pot
mabeal1: doesn't show hand 
*** SUMMARY ***
Total pot 120 | Rake 0 
Seat 1: mabeal1 (button) (small blind) collected (120)
Seat 3: Ph.Rkks (big blind) folded before Flop



PokerStars Hand #259458817286: Tournament #3969062608, €0.46+€0.04 EUR Hold'em No Limit - Level IV (30/60) - 2026/01/25 19:39:06 CET [2026/01/25 13:39:06 ET]
Table '3969062608 1' 3-max Seat #3 is the button
Seat 1: mabeal1 (460 in chips) 
Seat 3: Ph.Rkks (1040 in chips) 
Ph.Rkks: posts small blind 30
mabeal1: posts big blind 60
*** HOLE CARDS ***
Dealt to mabeal1 [Ts 2s]
Ph.Rkks has timed out while disconnected
Ph.Rkks: folds 
Uncalled bet (30) returned to mabeal1
mabeal1 collected 60 from pot
mabeal1: doesn't show hand 
*** SUMMARY ***
Total pot 60 | Rake 0 
Seat 1: mabeal1 (big blind) collected (60)
Seat 3: Ph.Rkks (button) (small blind) folded before Flop



PokerStars Hand #259458821183: Tournament #3969062608, €0.46+€0.04 EUR Hold'em No Limit - Level IV (30/60) - 2026/01/25 19:39:20 CET [2026/01/25 13:39:20 ET]
Table '3969062608 1' 3-max Seat #1 is the button
Seat 1: mabeal1 (490 in chips) 
Seat 3: Ph.Rkks (1010 in chips) 
mabeal1: posts small blind 30
Ph.Rkks: posts big blind 60
*** HOLE CARDS ***
Dealt to mabeal1 [4d 5h]
mabeal1: raises 60 to 120
Ph.Rkks has timed out while disconnected
Ph.Rkks: folds 
Uncalled bet (60) returned to mabeal1
mabeal1 collected 120 from pot
mabeal1: doesn't show hand 
*** SUMMARY ***
Total pot 120 | Rake 0 
Seat 1: mabeal1 (button) (small blind) collected (120)
Seat 3: Ph.Rkks (big blind) folded before Flop



PokerStars Hand #259458825699: Tournament #3969062608, €0.46+€0.04 EUR Hold'em No Limit - Level IV (30/60) - 2026/01/25 19:39:36 CET [2026/01/25 13:39:36 ET]
Table '3969062608 1' 3-max Seat #3 is the button
Seat 1: mabeal1 (550 in chips) 
Seat 3: Ph.Rkks (950 in chips) 
Ph.Rkks: posts small blind 30
mabeal1: posts big blind 60
*** HOLE CARDS ***
Dealt to mabeal1 [2s Jd]
Ph.Rkks has timed out while disconnected
Ph.Rkks: folds 
Uncalled bet (30) returned to mabeal1
mabeal1 collected 60 from pot
mabeal1: doesn't show hand 
*** SUMMARY ***
Total pot 60 | Rake 0 
Seat 1: mabeal1 (big blind) collected (60)
Seat 3: Ph.Rkks (button) (small blind) folded before Flop



PokerStars Hand #259458829628: Tournament #3969062608, €0.46+€0.04 EUR Hold'em No Limit - Level IV (30/60) - 2026/01/25 19:39:50 CET [2026/01/25 13:39:50 ET]
Table '3969062608 1' 3-max Seat #1 is the button
Seat 1: mabeal1 (580 in chips) 
Seat 3: Ph.Rkks (920 in chips) 
mabeal1: posts small blind 30
Ph.Rkks: posts big blind 60
*** HOLE CARDS ***
Dealt to mabeal1 [2c 5h]
mabeal1: raises 60 to 120
Ph.Rkks has timed out while disconnected
Ph.Rkks: folds 
Uncalled bet (60) returned to mabeal1
mabeal1 collected 120 from pot
mabeal1: doesn't show hand 
*** SUMMARY ***
Total pot 120 | Rake 0 
Seat 1: mabeal1 (button) (small blind) collected (120)
Seat 3: Ph.Rkks (big blind) folded before Flop



PokerStars Hand #259458834248: Tournament #3969062608, €0.46+€0.04 EUR Hold'em No Limit - Level IV (30/60) - 2026/01/25 19:40:07 CET [2026/01/25 13:40:07 ET]
Table '3969062608 1' 3-max Seat #3 is the button
Seat 1: mabeal1 (640 in chips) 
Seat 3: Ph.Rkks (860 in chips) 
Ph.Rkks: posts small blind 30
mabeal1: posts big blind 60
*** HOLE CARDS ***
Dealt to mabeal1 [8h Jh]
Ph.Rkks has timed out while disconnected
Ph.Rkks: folds 
Uncalled bet (30) returned to mabeal1
mabeal1 collected 60 from pot
mabeal1: doesn't show hand 
*** SUMMARY ***
Total pot 60 | Rake 0 
Seat 1: mabeal1 (big blind) collected (60)
Seat 3: Ph.Rkks (button) (small blind) folded before Flop



PokerStars Hand #259458838028: Tournament #3969062608, €0.46+€0.04 EUR Hold'em No Limit - Level IV (30/60) - 2026/01/25 19:40:21 CET [2026/01/25 13:40:21 ET]
Table '3969062608 1' 3-max Seat #1 is the button
Seat 1: mabeal1 (670 in chips) 
Seat 3: Ph.Rkks (830 in chips) 
mabeal1: posts small blind 30
Ph.Rkks: posts big blind 60
*** HOLE CARDS ***
Dealt to mabeal1 [9d Jc]
mabeal1: raises 60 to 120
Ph.Rkks has timed out while disconnected
Ph.Rkks: folds 
Uncalled bet (60) returned to mabeal1
mabeal1 collected 120 from pot
mabeal1: doesn't show hand 
*** SUMMARY ***
Total pot 120 | Rake 0 
Seat 1: mabeal1 (button) (small blind) collected (120)
Seat 3: Ph.Rkks (big blind) folded before Flop



PokerStars Hand #259458842591: Tournament #3969062608, €0.46+€0.04 EUR Hold'em No Limit - Level IV (30/60) - 2026/01/25 19:40:37 CET [2026/01/25 13:40:37 ET]
Table '3969062608 1' 3-max Seat #3 is the button
Seat 1: mabeal1 (730 in chips) 
Seat 3: Ph.Rkks (770 in chips) 
Ph.Rkks: posts small blind 30
mabeal1: posts big blind 60
*** HOLE CARDS ***
Dealt to mabeal1 [2d Qs]
Ph.Rkks has timed out while disconnected
Ph.Rkks: folds 
Uncalled bet (30) returned to mabeal1
mabeal1 collected 60 from pot
mabeal1: doesn't show hand 
*** SUMMARY ***
Total pot 60 | Rake 0 
Seat 1: mabeal1 (big blind) collected (60)
Seat 3: Ph.Rkks (button) (small blind) folded before Flop



PokerStars Hand #259458846521: Tournament #3969062608, €0.46+€0.04 EUR Hold'em No Limit - Level IV (30/60) - 2026/01/25 19:40:51 CET [2026/01/25 13:40:51 ET]
Table '3969062608 1' 3-max Seat #1 is the button
Seat 1: mabeal1 (760 in chips) 
Seat 3: Ph.Rkks (740 in chips) 
mabeal1: posts small blind 30
Ph.Rkks: posts big blind 60
*** HOLE CARDS ***
Dealt to mabeal1 [3d 6d]
mabeal1: raises 60 to 120
Ph.Rkks has timed out while disconnected
Ph.Rkks: folds 
Uncalled bet (60) returned to mabeal1
mabeal1 collected 120 from pot
mabeal1: doesn't show hand 
*** SUMMARY ***
Total pot 120 | Rake 0 
Seat 1: mabeal1 (button) (small blind) collected (120)
Seat 3: Ph.Rkks (big blind) folded before Flop



PokerStars Hand #259458851203: Tournament #3969062608, €0.46+€0.04 EUR Hold'em No Limit - Level IV (30/60) - 2026/01/25 19:41:08 CET [2026/01/25 13:41:08 ET]
Table '3969062608 1' 3-max Seat #3 is the button
Seat 1: mabeal1 (820 in chips) 
Seat 3: Ph.Rkks (680 in chips) 
Ph.Rkks: posts small blind 30
mabeal1: posts big blind 60
*** HOLE CARDS ***
Dealt to mabeal1 [4c 4d]
Ph.Rkks has timed out while disconnected
Ph.Rkks: folds 
Uncalled bet (30) returned to mabeal1
mabeal1 collected 60 from pot
mabeal1: doesn't show hand 
*** SUMMARY ***
Total pot 60 | Rake 0 
Seat 1: mabeal1 (big blind) collected (60)
Seat 3: Ph.Rkks (button) (small blind) folded before Flop



PokerStars Hand #259458855024: Tournament #3969062608, €0.46+€0.04 EUR Hold'em No Limit - Level IV (30/60) - 2026/01/25 19:41:22 CET [2026/01/25 13:41:22 ET]
Table '3969062608 1' 3-max Seat #1 is the button
Seat 1: mabeal1 (850 in chips) 
Seat 3: Ph.Rkks (650 in chips) 
mabeal1: posts small blind 30
Ph.Rkks: posts big blind 60
*** HOLE CARDS ***
Dealt to mabeal1 [8c 3h]
mabeal1: raises 60 to 120
Ph.Rkks has timed out while disconnected
Ph.Rkks: folds 
Uncalled bet (60) returned to mabeal1
mabeal1 collected 120 from pot
mabeal1: doesn't show hand 
*** SUMMARY ***
Total pot 120 | Rake 0 
Seat 1: mabeal1 (button) (small blind) collected (120)
Seat 3: Ph.Rkks (big blind) folded before Flop



PokerStars Hand #259458860522: Tournament #3969062608, €0.46+€0.04 EUR Hold'em No Limit - Level V (40/80) - 2026/01/25 19:41:41 CET [2026/01/25 13:41:41 ET]
Table '3969062608 1' 3-max Seat #3 is the button
Seat 1: mabeal1 (910 in chips) 
Seat 3: Ph.Rkks (590 in chips) 
Ph.Rkks: posts small blind 40
mabeal1: posts big blind 80
*** HOLE CARDS ***
Dealt to mabeal1 [2h 6h]
Ph.Rkks has timed out while disconnected
Ph.Rkks: folds 
Uncalled bet (40) returned to mabeal1
mabeal1 collected 80 from pot
mabeal1: doesn't show hand 
*** SUMMARY ***
Total pot 80 | Rake 0 
Seat 1: mabeal1 (big blind) collected (80)
Seat 3: Ph.Rkks (button) (small blind) folded before Flop



PokerStars Hand #259458864422: Tournament #3969062608, €0.46+€0.04 EUR Hold'em No Limit - Level V (40/80) - 2026/01/25 19:41:55 CET [2026/01/25 13:41:55 ET]
Table '3969062608 1' 3-max Seat #1 is the button
Seat 1: mabeal1 (950 in chips) 
Seat 3: Ph.Rkks (550 in chips) 
mabeal1: posts small blind 40
Ph.Rkks: posts big blind 80
*** HOLE CARDS ***
Dealt to mabeal1 [3s 7d]
mabeal1: raises 80 to 160
Ph.Rkks has timed out while disconnected
Ph.Rkks: folds 
Uncalled bet (80) returned to mabeal1
mabeal1 collected 160 from pot
mabeal1: doesn't show hand 
*** SUMMARY ***
Total pot 160 | Rake 0 
Seat 1: mabeal1 (button) (small blind) collected (160)
Seat 3: Ph.Rkks (big blind) folded before Flop



PokerStars Hand #259458869113: Tournament #3969062608, €0.46+€0.04 EUR Hold'em No Limit - Level V (40/80) - 2026/01/25 19:42:12 CET [2026/01/25 13:42:12 ET]
Table '3969062608 1' 3-max Seat #3 is the button
Seat 1: mabeal1 (1030 in chips) 
Seat 3: Ph.Rkks (470 in chips) 
Ph.Rkks: posts small blind 40
mabeal1: posts big blind 80
*** HOLE CARDS ***
Dealt to mabeal1 [Jc 9c]
Ph.Rkks has timed out while disconnected
Ph.Rkks: folds 
Uncalled bet (40) returned to mabeal1
mabeal1 collected 80 from pot
mabeal1: doesn't show hand 
*** SUMMARY ***
Total pot 80 | Rake 0 
Seat 1: mabeal1 (big blind) collected (80)
Seat 3: Ph.Rkks (button) (small blind) folded before Flop



PokerStars Hand #259458872974: Tournament #3969062608, €0.46+€0.04 EUR Hold'em No Limit - Level V (40/80) - 2026/01/25 19:42:25 CET [2026/01/25 13:42:25 ET]
Table '3969062608 1' 3-max Seat #1 is the button
Seat 1: mabeal1 (1070 in chips) 
Seat 3: Ph.Rkks (430 in chips) 
mabeal1: posts small blind 40
Ph.Rkks: posts big blind 80
*** HOLE CARDS ***
Dealt to mabeal1 [8h Kh]
mabeal1: raises 80 to 160
Ph.Rkks has timed out while disconnected
Ph.Rkks: folds 
Uncalled bet (80) returned to mabeal1
mabeal1 collected 160 from pot
mabeal1: doesn't show hand 
*** SUMMARY ***
Total pot 160 | Rake 0 
Seat 1: mabeal1 (button) (small blind) collected (160)
Seat 3: Ph.Rkks (big blind) folded before Flop



PokerStars Hand #259458877665: Tournament #3969062608, €0.46+€0.04 EUR Hold'em No Limit - Level V (40/80) - 2026/01/25 19:42:42 CET [2026/01/25 13:42:42 ET]
Table '3969062608 1' 3-max Seat #3 is the button
Seat 1: mabeal1 (1150 in chips) 
Seat 3: Ph.Rkks (350 in chips) 
Ph.Rkks: posts small blind 40
mabeal1: posts big blind 80
*** HOLE CARDS ***
Dealt to mabeal1 [6s 6c]
Ph.Rkks has timed out while disconnected
Ph.Rkks: folds 
Uncalled bet (40) returned to mabeal1
mabeal1 collected 80 from pot
mabeal1: doesn't show hand 
*** SUMMARY ***
Total pot 80 | Rake 0 
Seat 1: mabeal1 (big blind) collected (80)
Seat 3: Ph.Rkks (button) (small blind) folded before Flop



PokerStars Hand #259458881645: Tournament #3969062608, €0.46+€0.04 EUR Hold'em No Limit - Level V (40/80) - 2026/01/25 19:42:56 CET [2026/01/25 13:42:56 ET]
Table '3969062608 1' 3-max Seat #1 is the button
Seat 1: mabeal1 (1190 in chips) 
Seat 3: Ph.Rkks (310 in chips) 
mabeal1: posts small blind 40
Ph.Rkks: posts big blind 80
*** HOLE CARDS ***
Dealt to mabeal1 [Jd Kh]
mabeal1: raises 1110 to 1190 and is all-in
Ph.Rkks has timed out while disconnected
Ph.Rkks: folds 
Uncalled bet (1110) returned to mabeal1
mabeal1 collected 160 from pot
mabeal1: doesn't show hand 
*** SUMMARY ***
Total pot 160 | Rake 0 
Seat 1: mabeal1 (button) (small blind) collected (160)
Seat 3: Ph.Rkks (big blind) folded before Flop



PokerStars Hand #259458886254: Tournament #3969062608, €0.46+€0.04 EUR Hold'em No Limit - Level V (40/80) - 2026/01/25 19:43:13 CET [2026/01/25 13:43:13 ET]
Table '3969062608 1' 3-max Seat #3 is the button
Seat 1: mabeal1 (1270 in chips) 
Seat 3: Ph.Rkks (230 in chips) 
Ph.Rkks: posts small blind 40
mabeal1: posts big blind 80
*** HOLE CARDS ***
Dealt to mabeal1 [Ah 7h]
Ph.Rkks has timed out while disconnected
Ph.Rkks: folds 
Uncalled bet (40) returned to mabeal1
mabeal1 collected 80 from pot
mabeal1: doesn't show hand 
*** SUMMARY ***
Total pot 80 | Rake 0 
Seat 1: mabeal1 (big blind) collected (80)
Seat 3: Ph.Rkks (button) (small blind) folded before Flop



PokerStars Hand #259458890065: Tournament #3969062608, €0.46+€0.04 EUR Hold'em No Limit - Level V (40/80) - 2026/01/25 19:43:27 CET [2026/01/25 13:43:27 ET]
Table '3969062608 1' 3-max Seat #1 is the button
Seat 1: mabeal1 (1310 in chips) 
Seat 3: Ph.Rkks (190 in chips) 
mabeal1: posts small blind 40
Ph.Rkks: posts big blind 80
*** HOLE CARDS ***
Dealt to mabeal1 [3s 4c]
mabeal1: raises 1230 to 1310 and is all-in
Ph.Rkks has timed out while disconnected
Ph.Rkks: folds 
Uncalled bet (1230) returned to mabeal1
mabeal1 collected 160 from pot
mabeal1: doesn't show hand 
*** SUMMARY ***
Total pot 160 | Rake 0 
Seat 1: mabeal1 (button) (small blind) collected (160)
Seat 3: Ph.Rkks (big blind) folded before Flop



PokerStars Hand #259458894981: Tournament #3969062608, €0.46+€0.04 EUR Hold'em No Limit - Level V (40/80) - 2026/01/25 19:43:44 CET [2026/01/25 13:43:44 ET]
Table '3969062608 1' 3-max Seat #3 is the button
Seat 1: mabeal1 (1390 in chips) 
Seat 3: Ph.Rkks (110 in chips) 
Ph.Rkks: posts small blind 40
mabeal1: posts big blind 80
*** HOLE CARDS ***
Dealt to mabeal1 [5h Jd]
Ph.Rkks has timed out while disconnected
Ph.Rkks: folds 
Uncalled bet (40) returned to mabeal1
mabeal1 collected 80 from pot
mabeal1: doesn't show hand 
*** SUMMARY ***
Total pot 80 | Rake 0 
Seat 1: mabeal1 (big blind) collected (80)
Seat 3: Ph.Rkks (button) (small blind) folded before Flop



PokerStars Hand #259458898894: Tournament #3969062608, €0.46+€0.04 EUR Hold'em No Limit - Level V (40/80) - 2026/01/25 19:43:57 CET [2026/01/25 13:43:57 ET]
Table '3969062608 1' 3-max Seat #1 is the button
Seat 1: mabeal1 (1430 in chips) 
Seat 3: Ph.Rkks (70 in chips) 
mabeal1: posts small blind 40
Ph.Rkks: posts big blind 70 and is all-in
*** HOLE CARDS ***
Dealt to mabeal1 [8c As]
mabeal1: calls 30
*** FLOP *** [Ac Kc 9d]
*** TURN *** [Ac Kc 9d] [7s]
*** RIVER *** [Ac Kc 9d 7s] [3s]
*** SHOW DOWN ***
Ph.Rkks: shows [Kd 7c] (two pair, Kings and Sevens)
mabeal1: shows [8c As] (a pair of Aces)
Ph.Rkks collected 140 from pot
*** SUMMARY ***
Total pot 140 | Rake 0 
Board [Ac Kc 9d 7s 3s]
Seat 1: mabeal1 (button) (small blind) showed [8c As] and lost with a pair of Aces
Seat 3: Ph.Rkks (big blind) showed [Kd 7c] and won (140) with two pair, Kings and Sevens



PokerStars Hand #259458902407: Tournament #3969062608, €0.46+€0.04 EUR Hold'em No Limit - Level V (40/80) - 2026/01/25 19:44:10 CET [2026/01/25 13:44:10 ET]
Table '3969062608 1' 3-max Seat #3 is the button
Seat 1: mabeal1 (1360 in chips) 
Seat 3: Ph.Rkks (140 in chips) 
Ph.Rkks: posts small blind 40
mabeal1: posts big blind 80
*** HOLE CARDS ***
Dealt to mabeal1 [8s 5c]
Ph.Rkks has timed out while disconnected
Ph.Rkks: folds 
Uncalled bet (40) returned to mabeal1
mabeal1 collected 80 from pot
mabeal1: doesn't show hand 
*** SUMMARY ***
Total pot 80 | Rake 0 
Seat 1: mabeal1 (big blind) collected (80)
Seat 3: Ph.Rkks (button) (small blind) folded before Flop



PokerStars Hand #259458907123: Tournament #3969062608, €0.46+€0.04 EUR Hold'em No Limit - Level VI (50/100) - 2026/01/25 19:44:27 CET [2026/01/25 13:44:27 ET]
Table '3969062608 1' 3-max Seat #1 is the button
Seat 1: mabeal1 (1400 in chips) 
Seat 3: Ph.Rkks (100 in chips) 
mabeal1: posts small blind 50
Ph.Rkks: posts big blind 100 and is all-in
*** HOLE CARDS ***
Dealt to mabeal1 [Ks Kd]
mabeal1: calls 50
*** FLOP *** [Kh Td 9s]
*** TURN *** [Kh Td 9s] [Kc]
*** RIVER *** [Kh Td 9s Kc] [8d]
*** SHOW DOWN ***
Ph.Rkks: shows [7h 6c] (a straight, Six to Ten)
mabeal1: shows [Ks Kd] (four of a kind, Kings)
mabeal1 collected 200 from pot
Ph.Rkks finished the tournament in 2nd place
mabeal1 wins the tournament and receives €1.50 - congratulations!
*** SUMMARY ***
Total pot 200 | Rake 0 
Board [Kh Td 9s Kc 8d]
Seat 1: mabeal1 (button) (small blind) showed [Ks Kd] and won (200) with four of a kind, Kings
Seat 3: Ph.Rkks (big blind) showed [7h 6c] and lost with a straight, Six to Ten



