PokerStars Hand #259572149621: Tournament #3971606373, €0.93+€0.07 EUR Hold'em No Limit - Level I (10/20) - 2026/02/03 3:13:42 CET [2026/02/02 21:13:42 ET]
Table '3971606373 1' 3-max Seat #1 is the button
Seat 1: Otrebola (500 in chips) 
Seat 2: mandrpaz (500 in chips) 
Seat 3: mabeal1 (500 in chips) 
mandrpaz: posts small blind 10
mabeal1: posts big blind 20
*** HOLE CARDS ***
Dealt to mabeal1 [As 4c]
Otrebola: folds 
mandrpaz: raises 20 to 40
mabeal1: calls 20
*** FLOP *** [7h 4d 3c]
mandrpaz: bets 20
mabeal1: raises 90 to 110
mandrpaz: raises 350 to 460 and is all-in
mabeal1: calls 350 and is all-in
*** TURN *** [7h 4d 3c] [3d]
*** RIVER *** [7h 4d 3c 3d] [5s]
*** SHOW DOWN ***
mandrpaz: shows [Ad Ac] (two pair, Aces and Threes)
mabeal1: shows [As 4c] (two pair, Fours and Threes)
mandrpaz collected 1000 from pot
mabeal1 finished the tournament in 3rd place
*** SUMMARY ***
Total pot 1000 | Rake 0 
Board [7h 4d 3c 3d 5s]
Seat 1: Otrebola (button) folded before Flop (didn't bet)
Seat 2: mandrpaz (small blind) showed [Ad Ac] and won (1000) with two pair, Aces and Threes
Seat 3: mabeal1 (big blind) showed [As 4c] and lost with two pair, Fours and Threes



