PokerStars Hand #259538802843: Tournament #3970893371, €0.93+€0.07 EUR Hold'em No Limit - Level I (10/20) - 2026/01/31 21:05:10 CET [2026/01/31 15:05:10 ET]
Table '3970893371 1' 3-max Seat #1 is the button
Seat 1: STEF56111 (500 in chips) is sitting out
Seat 2: mabeal1 (500 in chips) 
Seat 3: geronemanzon (500 in chips) 
mabeal1: posts small blind 10
geronemanzon: posts big blind 20
*** HOLE CARDS ***
Dealt to mabeal1 [4h Js]
STEF56111: folds 
mabeal1: folds 
Uncalled bet (10) returned to geronemanzon
geronemanzon collected 20 from pot
*** SUMMARY ***
Total pot 20 | Rake 0 
Seat 1: STEF56111 (button) folded before Flop (didn't bet)
Seat 2: mabeal1 (small blind) folded before Flop
Seat 3: geronemanzon (big blind) collected (20)



PokerStars Hand #259538804134: Tournament #3970893371, €0.93+€0.07 EUR Hold'em No Limit - Level I (10/20) - 2026/01/31 21:05:15 CET [2026/01/31 15:05:15 ET]
Table '3970893371 1' 3-max Seat #2 is the button
Seat 1: STEF56111 (500 in chips) is sitting out
Seat 2: mabeal1 (490 in chips) 
Seat 3: geronemanzon (510 in chips) 
geronemanzon: posts small blind 10
STEF56111: posts big blind 20
*** HOLE CARDS ***
Dealt to mabeal1 [9c Qd]
mabeal1: raises 20 to 40
geronemanzon: folds 
STEF56111: folds 
Uncalled bet (20) returned to mabeal1
mabeal1 collected 50 from pot
mabeal1: doesn't show hand 
*** SUMMARY ***
Total pot 50 | Rake 0 
Seat 1: STEF56111 (big blind) folded before Flop
Seat 2: mabeal1 (button) collected (50)
Seat 3: geronemanzon (small blind) folded before Flop



PokerStars Hand #259538806349: Tournament #3970893371, €0.93+€0.07 EUR Hold'em No Limit - Level I (10/20) - 2026/01/31 21:05:24 CET [2026/01/31 15:05:24 ET]
Table '3970893371 1' 3-max Seat #3 is the button
Seat 1: STEF56111 (480 in chips) is sitting out
Seat 2: mabeal1 (520 in chips) 
Seat 3: geronemanzon (500 in chips) 
STEF56111: posts small blind 10
mabeal1: posts big blind 20
*** HOLE CARDS ***
Dealt to mabeal1 [7c 2c]
geronemanzon: calls 20
STEF56111: folds 
mabeal1: checks 
*** FLOP *** [Qd Qs Kc]
mabeal1: checks 
geronemanzon: bets 20
mabeal1: folds 
Uncalled bet (20) returned to geronemanzon
geronemanzon collected 50 from pot
*** SUMMARY ***
Total pot 50 | Rake 0 
Board [Qd Qs Kc]
Seat 1: STEF56111 (small blind) folded before Flop
Seat 2: mabeal1 (big blind) folded on the Flop
Seat 3: geronemanzon (button) collected (50)



PokerStars Hand #259538809367: Tournament #3970893371, €0.93+€0.07 EUR Hold'em No Limit - Level I (10/20) - 2026/01/31 21:05:37 CET [2026/01/31 15:05:37 ET]
Table '3970893371 1' 3-max Seat #1 is the button
Seat 1: STEF56111 (470 in chips) is sitting out
Seat 2: mabeal1 (500 in chips) 
Seat 3: geronemanzon (530 in chips) 
mabeal1: posts small blind 10
geronemanzon: posts big blind 20
*** HOLE CARDS ***
Dealt to mabeal1 [2h Kd]
STEF56111: folds 
STEF56111 is disconnected 
mabeal1: calls 10
STEF56111 has returned
geronemanzon: checks 
*** FLOP *** [As Qd Qh]
mabeal1: checks 
geronemanzon: bets 20
mabeal1: calls 20
*** TURN *** [As Qd Qh] [Ts]
mabeal1: checks 
geronemanzon: bets 40
mabeal1: calls 40
*** RIVER *** [As Qd Qh Ts] [2d]
mabeal1: checks 
geronemanzon: bets 80
mabeal1: calls 80
*** SHOW DOWN ***
geronemanzon: shows [6d 9s] (a pair of Queens)
mabeal1: shows [2h Kd] (two pair, Queens and Deuces)
mabeal1 collected 320 from pot
*** SUMMARY ***
Total pot 320 | Rake 0 
Board [As Qd Qh Ts 2d]
Seat 1: STEF56111 (button) folded before Flop (didn't bet)
Seat 2: mabeal1 (small blind) showed [2h Kd] and won (320) with two pair, Queens and Deuces
Seat 3: geronemanzon (big blind) showed [6d 9s] and lost with a pair of Queens



PokerStars Hand #259538814178: Tournament #3970893371, €0.93+€0.07 EUR Hold'em No Limit - Level I (10/20) - 2026/01/31 21:05:56 CET [2026/01/31 15:05:56 ET]
Table '3970893371 1' 3-max Seat #2 is the button
Seat 1: STEF56111 (470 in chips) 
Seat 2: mabeal1 (660 in chips) 
Seat 3: geronemanzon (370 in chips) 
geronemanzon: posts small blind 10
STEF56111: posts big blind 20
*** HOLE CARDS ***
Dealt to mabeal1 [2d 5c]
mabeal1: folds 
geronemanzon: raises 20 to 40
STEF56111: calls 20
*** FLOP *** [9d 3d 4d]
geronemanzon: bets 40
STEF56111: calls 40
*** TURN *** [9d 3d 4d] [9h]
geronemanzon: checks 
STEF56111: checks 
*** RIVER *** [9d 3d 4d 9h] [8d]
geronemanzon: checks 
STEF56111: bets 80
geronemanzon: folds 
Uncalled bet (80) returned to STEF56111
STEF56111 collected 160 from pot
STEF56111: doesn't show hand 
*** SUMMARY ***
Total pot 160 | Rake 0 
Board [9d 3d 4d 9h 8d]
Seat 1: STEF56111 (big blind) collected (160)
Seat 2: mabeal1 (button) folded before Flop (didn't bet)
Seat 3: geronemanzon (small blind) folded on the River



PokerStars Hand #259538823118: Tournament #3970893371, €0.93+€0.07 EUR Hold'em No Limit - Level I (10/20) - 2026/01/31 21:06:33 CET [2026/01/31 15:06:33 ET]
Table '3970893371 1' 3-max Seat #3 is the button
Seat 1: STEF56111 (550 in chips) 
Seat 2: mabeal1 (660 in chips) 
Seat 3: geronemanzon (290 in chips) 
STEF56111: posts small blind 10
mabeal1: posts big blind 20
*** HOLE CARDS ***
Dealt to mabeal1 [3c 4s]
geronemanzon: raises 20 to 40
STEF56111: folds 
mabeal1: folds 
Uncalled bet (20) returned to geronemanzon
geronemanzon collected 50 from pot
*** SUMMARY ***
Total pot 50 | Rake 0 
Seat 1: STEF56111 (small blind) folded before Flop
Seat 2: mabeal1 (big blind) folded before Flop
Seat 3: geronemanzon (button) collected (50)



PokerStars Hand #259538825532: Tournament #3970893371, €0.93+€0.07 EUR Hold'em No Limit - Level I (10/20) - 2026/01/31 21:06:43 CET [2026/01/31 15:06:43 ET]
Table '3970893371 1' 3-max Seat #1 is the button
Seat 1: STEF56111 (540 in chips) 
Seat 2: mabeal1 (640 in chips) 
Seat 3: geronemanzon (320 in chips) 
mabeal1: posts small blind 10
geronemanzon: posts big blind 20
*** HOLE CARDS ***
Dealt to mabeal1 [9s 6h]
STEF56111: folds 
mabeal1: folds 
Uncalled bet (10) returned to geronemanzon
geronemanzon collected 20 from pot
*** SUMMARY ***
Total pot 20 | Rake 0 
Seat 1: STEF56111 (button) folded before Flop (didn't bet)
Seat 2: mabeal1 (small blind) folded before Flop
Seat 3: geronemanzon (big blind) collected (20)



PokerStars Hand #259538828298: Tournament #3970893371, €0.93+€0.07 EUR Hold'em No Limit - Level I (10/20) - 2026/01/31 21:06:54 CET [2026/01/31 15:06:54 ET]
Table '3970893371 1' 3-max Seat #2 is the button
Seat 1: STEF56111 (540 in chips) 
Seat 2: mabeal1 (630 in chips) 
Seat 3: geronemanzon (330 in chips) 
geronemanzon: posts small blind 10
STEF56111: posts big blind 20
*** HOLE CARDS ***
Dealt to mabeal1 [9s Qc]
mabeal1: raises 20 to 40
geronemanzon: raises 20 to 60
STEF56111: calls 40
mabeal1: calls 20
*** FLOP *** [3s 4h 7h]
geronemanzon: bets 90
STEF56111: folds 
mabeal1: folds 
Uncalled bet (90) returned to geronemanzon
geronemanzon collected 180 from pot
*** SUMMARY ***
Total pot 180 | Rake 0 
Board [3s 4h 7h]
Seat 1: STEF56111 (big blind) folded on the Flop
Seat 2: mabeal1 (button) folded on the Flop
Seat 3: geronemanzon (small blind) collected (180)



PokerStars Hand #259538832520: Tournament #3970893371, €0.93+€0.07 EUR Hold'em No Limit - Level I (10/20) - 2026/01/31 21:07:11 CET [2026/01/31 15:07:11 ET]
Table '3970893371 1' 3-max Seat #3 is the button
Seat 1: STEF56111 (480 in chips) 
Seat 2: mabeal1 (570 in chips) 
Seat 3: geronemanzon (450 in chips) 
STEF56111: posts small blind 10
mabeal1: posts big blind 20
*** HOLE CARDS ***
Dealt to mabeal1 [7h Ks]
geronemanzon: calls 20
STEF56111: calls 10
mabeal1: checks 
*** FLOP *** [5h 4s 4h]
STEF56111: checks 
mabeal1: checks 
geronemanzon: checks 
*** TURN *** [5h 4s 4h] [6h]
STEF56111: checks 
mabeal1: bets 40
geronemanzon: calls 40
STEF56111: calls 40
*** RIVER *** [5h 4s 4h 6h] [Qd]
STEF56111: checks 
mabeal1: checks 
geronemanzon: checks 
*** SHOW DOWN ***
STEF56111: shows [Kd 7c] (a pair of Fours)
mabeal1: shows [7h Ks] (a pair of Fours)
geronemanzon: mucks hand 
STEF56111 collected 90 from pot
mabeal1 collected 90 from pot
*** SUMMARY ***
Total pot 180 | Rake 0 
Board [5h 4s 4h 6h Qd]
Seat 1: STEF56111 (small blind) showed [Kd 7c] and won (90) with a pair of Fours
Seat 2: mabeal1 (big blind) showed [7h Ks] and won (90) with a pair of Fours
Seat 3: geronemanzon (button) mucked [9h Js]



PokerStars Hand #259538840664: Tournament #3970893371, €0.93+€0.07 EUR Hold'em No Limit - Level II (15/30) - 2026/01/31 21:07:44 CET [2026/01/31 15:07:44 ET]
Table '3970893371 1' 3-max Seat #1 is the button
Seat 1: STEF56111 (510 in chips) 
Seat 2: mabeal1 (600 in chips) 
Seat 3: geronemanzon (390 in chips) 
mabeal1: posts small blind 15
geronemanzon: posts big blind 30
*** HOLE CARDS ***
Dealt to mabeal1 [8c 5c]
STEF56111: calls 30
mabeal1: calls 15
geronemanzon: raises 30 to 60
STEF56111: calls 30
mabeal1: calls 30
*** FLOP *** [3c 6h 2d]
mabeal1: checks 
geronemanzon: bets 90
STEF56111: calls 90
mabeal1: folds 
*** TURN *** [3c 6h 2d] [8d]
geronemanzon: bets 180
STEF56111: raises 180 to 360 and is all-in
geronemanzon: calls 60 and is all-in
Uncalled bet (120) returned to STEF56111
*** RIVER *** [3c 6h 2d 8d] [6d]
*** SHOW DOWN ***
geronemanzon: shows [Qc Jh] (a pair of Sixes)
STEF56111: shows [3h 8h] (two pair, Eights and Sixes)
STEF56111 collected 840 from pot
geronemanzon finished the tournament in 3rd place
*** SUMMARY ***
Total pot 840 | Rake 0 
Board [3c 6h 2d 8d 6d]
Seat 1: STEF56111 (button) showed [3h 8h] and won (840) with two pair, Eights and Sixes
Seat 2: mabeal1 (small blind) folded on the Flop
Seat 3: geronemanzon (big blind) showed [Qc Jh] and lost with a pair of Sixes



PokerStars Hand #259538851773: Tournament #3970893371, €0.93+€0.07 EUR Hold'em No Limit - Level II (15/30) - 2026/01/31 21:08:29 CET [2026/01/31 15:08:29 ET]
Table '3970893371 1' 3-max Seat #2 is the button
Seat 1: STEF56111 (960 in chips) 
Seat 2: mabeal1 (540 in chips) 
mabeal1: posts small blind 15
STEF56111: posts big blind 30
*** HOLE CARDS ***
Dealt to mabeal1 [Td 2c]
mabeal1: calls 15
STEF56111: checks 
*** FLOP *** [Qs 9d 5c]
STEF56111: bets 30
mabeal1: folds 
Uncalled bet (30) returned to STEF56111
STEF56111 collected 60 from pot
STEF56111: doesn't show hand 
*** SUMMARY ***
Total pot 60 | Rake 0 
Board [Qs 9d 5c]
Seat 1: STEF56111 (big blind) collected (60)
Seat 2: mabeal1 (button) (small blind) folded on the Flop



PokerStars Hand #259538855190: Tournament #3970893371, €0.93+€0.07 EUR Hold'em No Limit - Level II (15/30) - 2026/01/31 21:08:42 CET [2026/01/31 15:08:42 ET]
Table '3970893371 1' 3-max Seat #1 is the button
Seat 1: STEF56111 (990 in chips) 
Seat 2: mabeal1 (510 in chips) 
STEF56111: posts small blind 15
mabeal1: posts big blind 30
*** HOLE CARDS ***
Dealt to mabeal1 [7h 8c]
STEF56111: calls 15
mabeal1: checks 
*** FLOP *** [Qc 5s Jd]
mabeal1: checks 
STEF56111: checks 
*** TURN *** [Qc 5s Jd] [Jc]
mabeal1: bets 30
STEF56111: calls 30
*** RIVER *** [Qc 5s Jd Jc] [4c]
mabeal1: bets 90
STEF56111: folds 
Uncalled bet (90) returned to mabeal1
mabeal1 collected 120 from pot
mabeal1: doesn't show hand 
*** SUMMARY ***
Total pot 120 | Rake 0 
Board [Qc 5s Jd Jc 4c]
Seat 1: STEF56111 (button) (small blind) folded on the River
Seat 2: mabeal1 (big blind) collected (120)



PokerStars Hand #259538859947: Tournament #3970893371, €0.93+€0.07 EUR Hold'em No Limit - Level II (15/30) - 2026/01/31 21:09:02 CET [2026/01/31 15:09:02 ET]
Table '3970893371 1' 3-max Seat #2 is the button
Seat 1: STEF56111 (930 in chips) 
Seat 2: mabeal1 (570 in chips) 
mabeal1: posts small blind 15
STEF56111: posts big blind 30
*** HOLE CARDS ***
Dealt to mabeal1 [3c 2c]
mabeal1: calls 15
STEF56111: checks 
*** FLOP *** [4s Kc Qc]
STEF56111: checks 
mabeal1: bets 30
STEF56111: calls 30
*** TURN *** [4s Kc Qc] [8c]
STEF56111: checks 
mabeal1: bets 120
STEF56111: calls 120
*** RIVER *** [4s Kc Qc 8c] [6h]
STEF56111: checks 
mabeal1: bets 390 and is all-in
STEF56111: calls 390
*** SHOW DOWN ***
mabeal1: shows [3c 2c] (a flush, King high)
STEF56111: shows [Qs 8s] (two pair, Queens and Eights)
mabeal1 collected 1140 from pot
*** SUMMARY ***
Total pot 1140 | Rake 0 
Board [4s Kc Qc 8c 6h]
Seat 1: STEF56111 (big blind) showed [Qs 8s] and lost with two pair, Queens and Eights
Seat 2: mabeal1 (button) (small blind) showed [3c 2c] and won (1140) with a flush, King high



PokerStars Hand #259538868886: Tournament #3970893371, €0.93+€0.07 EUR Hold'em No Limit - Level III (20/40) - 2026/01/31 21:09:38 CET [2026/01/31 15:09:38 ET]
Table '3970893371 1' 3-max Seat #1 is the button
Seat 1: STEF56111 (360 in chips) 
Seat 2: mabeal1 (1140 in chips) 
STEF56111: posts small blind 20
mabeal1: posts big blind 40
*** HOLE CARDS ***
Dealt to mabeal1 [4d 8h]
STEF56111: raises 40 to 80
mabeal1: folds 
Uncalled bet (40) returned to STEF56111
STEF56111 collected 80 from pot
STEF56111: doesn't show hand 
*** SUMMARY ***
Total pot 80 | Rake 0 
Seat 1: STEF56111 (button) (small blind) collected (80)
Seat 2: mabeal1 (big blind) folded before Flop



PokerStars Hand #259538873084: Tournament #3970893371, €0.93+€0.07 EUR Hold'em No Limit - Level III (20/40) - 2026/01/31 21:09:55 CET [2026/01/31 15:09:55 ET]
Table '3970893371 1' 3-max Seat #2 is the button
Seat 1: STEF56111 (400 in chips) 
Seat 2: mabeal1 (1100 in chips) 
mabeal1: posts small blind 20
STEF56111: posts big blind 40
*** HOLE CARDS ***
Dealt to mabeal1 [6h Tc]
mabeal1: calls 20
STEF56111: checks 
*** FLOP *** [Qs Td 6s]
STEF56111: checks 
mabeal1: bets 48
STEF56111: folds 
Uncalled bet (48) returned to mabeal1
mabeal1 collected 80 from pot
mabeal1: doesn't show hand 
*** SUMMARY ***
Total pot 80 | Rake 0 
Board [Qs Td 6s]
Seat 1: STEF56111 (big blind) folded on the Flop
Seat 2: mabeal1 (button) (small blind) collected (80)



PokerStars Hand #259538877470: Tournament #3970893371, €0.93+€0.07 EUR Hold'em No Limit - Level III (20/40) - 2026/01/31 21:10:12 CET [2026/01/31 15:10:12 ET]
Table '3970893371 1' 3-max Seat #1 is the button
Seat 1: STEF56111 (360 in chips) 
Seat 2: mabeal1 (1140 in chips) 
STEF56111: posts small blind 20
mabeal1: posts big blind 40
*** HOLE CARDS ***
Dealt to mabeal1 [Ac 2h]
STEF56111: calls 20
mabeal1: raises 1100 to 1140 and is all-in
STEF56111: folds 
Uncalled bet (1100) returned to mabeal1
mabeal1 collected 80 from pot
mabeal1: doesn't show hand 
*** SUMMARY ***
Total pot 80 | Rake 0 
Seat 1: STEF56111 (button) (small blind) folded before Flop
Seat 2: mabeal1 (big blind) collected (80)



PokerStars Hand #259538880073: Tournament #3970893371, €0.93+€0.07 EUR Hold'em No Limit - Level III (20/40) - 2026/01/31 21:10:23 CET [2026/01/31 15:10:23 ET]
Table '3970893371 1' 3-max Seat #2 is the button
Seat 1: STEF56111 (320 in chips) 
Seat 2: mabeal1 (1180 in chips) 
mabeal1: posts small blind 20
STEF56111: posts big blind 40
*** HOLE CARDS ***
Dealt to mabeal1 [Ks 4c]
mabeal1: calls 20
STEF56111: raises 80 to 120
mabeal1: folds 
Uncalled bet (80) returned to STEF56111
STEF56111 collected 80 from pot
STEF56111: doesn't show hand 
*** SUMMARY ***
Total pot 80 | Rake 0 
Seat 1: STEF56111 (big blind) collected (80)
Seat 2: mabeal1 (button) (small blind) folded before Flop



PokerStars Hand #259538883725: Tournament #3970893371, €0.93+€0.07 EUR Hold'em No Limit - Level III (20/40) - 2026/01/31 21:10:38 CET [2026/01/31 15:10:38 ET]
Table '3970893371 1' 3-max Seat #1 is the button
Seat 1: STEF56111 (360 in chips) 
Seat 2: mabeal1 (1140 in chips) 
STEF56111: posts small blind 20
mabeal1: posts big blind 40
*** HOLE CARDS ***
Dealt to mabeal1 [7s 9h]
STEF56111: calls 20
mabeal1: checks 
*** FLOP *** [3c 6d 2d]
mabeal1: checks 
STEF56111: bets 40
mabeal1: calls 40
*** TURN *** [3c 6d 2d] [4s]
mabeal1: checks 
STEF56111: bets 40
mabeal1: calls 40
*** RIVER *** [3c 6d 2d 4s] [6s]
mabeal1: checks 
STEF56111: bets 40
mabeal1: folds 
Uncalled bet (40) returned to STEF56111
STEF56111 collected 240 from pot
STEF56111: doesn't show hand 
*** SUMMARY ***
Total pot 240 | Rake 0 
Board [3c 6d 2d 4s 6s]
Seat 1: STEF56111 (button) (small blind) collected (240)
Seat 2: mabeal1 (big blind) folded on the River



PokerStars Hand #259538891232: Tournament #3970893371, €0.93+€0.07 EUR Hold'em No Limit - Level III (20/40) - 2026/01/31 21:11:08 CET [2026/01/31 15:11:08 ET]
Table '3970893371 1' 3-max Seat #2 is the button
Seat 1: STEF56111 (480 in chips) 
Seat 2: mabeal1 (1020 in chips) 
mabeal1: posts small blind 20
STEF56111: posts big blind 40
*** HOLE CARDS ***
Dealt to mabeal1 [5d Jc]
mabeal1: calls 20
STEF56111: checks 
*** FLOP *** [9c 5h Qc]
STEF56111: checks 
mabeal1: checks 
*** TURN *** [9c 5h Qc] [8c]
STEF56111: bets 40
mabeal1: calls 40
*** RIVER *** [9c 5h Qc 8c] [9h]
STEF56111: bets 40
mabeal1: calls 40
*** SHOW DOWN ***
STEF56111: shows [Td 8h] (two pair, Nines and Eights)
mabeal1: mucks hand 
STEF56111 collected 240 from pot
*** SUMMARY ***
Total pot 240 | Rake 0 
Board [9c 5h Qc 8c 9h]
Seat 1: STEF56111 (big blind) showed [Td 8h] and won (240) with two pair, Nines and Eights
Seat 2: mabeal1 (button) (small blind) mucked [5d Jc]



PokerStars Hand #259538897084: Tournament #3970893371, €0.93+€0.07 EUR Hold'em No Limit - Level IV (30/60) - 2026/01/31 21:11:32 CET [2026/01/31 15:11:32 ET]
Table '3970893371 1' 3-max Seat #1 is the button
Seat 1: STEF56111 (600 in chips) 
Seat 2: mabeal1 (900 in chips) 
STEF56111: posts small blind 30
mabeal1: posts big blind 60
*** HOLE CARDS ***
Dealt to mabeal1 [8s 9c]
STEF56111: raises 60 to 120
mabeal1: calls 60
*** FLOP *** [8c Kd Qs]
mabeal1: checks 
STEF56111: checks 
*** TURN *** [8c Kd Qs] [5c]
mabeal1: checks 
STEF56111: bets 60
mabeal1: calls 60
*** RIVER *** [8c Kd Qs 5c] [7c]
mabeal1: checks 
STEF56111: bets 60
mabeal1: calls 60
*** SHOW DOWN ***
STEF56111: shows [4d 5s] (a pair of Fives)
mabeal1: shows [8s 9c] (a pair of Eights)
mabeal1 collected 480 from pot
*** SUMMARY ***
Total pot 480 | Rake 0 
Board [8c Kd Qs 5c 7c]
Seat 1: STEF56111 (button) (small blind) showed [4d 5s] and lost with a pair of Fives
Seat 2: mabeal1 (big blind) showed [8s 9c] and won (480) with a pair of Eights



PokerStars Hand #259538902196: Tournament #3970893371, €0.93+€0.07 EUR Hold'em No Limit - Level IV (30/60) - 2026/01/31 21:11:52 CET [2026/01/31 15:11:52 ET]
Table '3970893371 1' 3-max Seat #2 is the button
Seat 1: STEF56111 (360 in chips) 
Seat 2: mabeal1 (1140 in chips) 
mabeal1: posts small blind 30
STEF56111: posts big blind 60
*** HOLE CARDS ***
Dealt to mabeal1 [6h As]
mabeal1: raises 1080 to 1140 and is all-in
STEF56111: folds 
Uncalled bet (1080) returned to mabeal1
mabeal1 collected 120 from pot
mabeal1: doesn't show hand 
*** SUMMARY ***
Total pot 120 | Rake 0 
Seat 1: STEF56111 (big blind) folded before Flop
Seat 2: mabeal1 (button) (small blind) collected (120)



PokerStars Hand #259538905423: Tournament #3970893371, €0.93+€0.07 EUR Hold'em No Limit - Level IV (30/60) - 2026/01/31 21:12:05 CET [2026/01/31 15:12:05 ET]
Table '3970893371 1' 3-max Seat #1 is the button
Seat 1: STEF56111 (300 in chips) 
Seat 2: mabeal1 (1200 in chips) 
STEF56111: posts small blind 30
mabeal1: posts big blind 60
*** HOLE CARDS ***
Dealt to mabeal1 [7h Ah]
STEF56111: raises 60 to 120
mabeal1: raises 1080 to 1200 and is all-in
STEF56111: calls 180 and is all-in
Uncalled bet (900) returned to mabeal1
*** FLOP *** [3s 8h 8s]
*** TURN *** [3s 8h 8s] [Th]
*** RIVER *** [3s 8h 8s Th] [8d]
*** SHOW DOWN ***
mabeal1: shows [7h Ah] (three of a kind, Eights)
STEF56111: shows [As Ad] (a full house, Eights full of Aces)
STEF56111 collected 600 from pot
*** SUMMARY ***
Total pot 600 | Rake 0 
Board [3s 8h 8s Th 8d]
Seat 1: STEF56111 (button) (small blind) showed [As Ad] and won (600) with a full house, Eights full of Aces
Seat 2: mabeal1 (big blind) showed [7h Ah] and lost with three of a kind, Eights



PokerStars Hand #259538915104: Tournament #3970893371, €0.93+€0.07 EUR Hold'em No Limit - Level IV (30/60) - 2026/01/31 21:12:45 CET [2026/01/31 15:12:45 ET]
Table '3970893371 1' 3-max Seat #2 is the button
Seat 1: STEF56111 (600 in chips) 
Seat 2: mabeal1 (900 in chips) 
mabeal1: posts small blind 30
STEF56111: posts big blind 60
*** HOLE CARDS ***
Dealt to mabeal1 [3h Jc]
mabeal1: calls 30
STEF56111: checks 
*** FLOP *** [Qc 8d 8h]
STEF56111: checks 
mabeal1: bets 60
STEF56111: folds 
Uncalled bet (60) returned to mabeal1
mabeal1 collected 120 from pot
mabeal1: doesn't show hand 
*** SUMMARY ***
Total pot 120 | Rake 0 
Board [Qc 8d 8h]
Seat 1: STEF56111 (big blind) folded on the Flop
Seat 2: mabeal1 (button) (small blind) collected (120)



PokerStars Hand #259538918992: Tournament #3970893371, €0.93+€0.07 EUR Hold'em No Limit - Level IV (30/60) - 2026/01/31 21:13:00 CET [2026/01/31 15:13:00 ET]
Table '3970893371 1' 3-max Seat #1 is the button
Seat 1: STEF56111 (540 in chips) 
Seat 2: mabeal1 (960 in chips) 
STEF56111: posts small blind 30
mabeal1: posts big blind 60
*** HOLE CARDS ***
Dealt to mabeal1 [4h 7c]
STEF56111: raises 60 to 120
mabeal1: folds 
Uncalled bet (60) returned to STEF56111
STEF56111 collected 120 from pot
STEF56111: doesn't show hand 
*** SUMMARY ***
Total pot 120 | Rake 0 
Seat 1: STEF56111 (button) (small blind) collected (120)
Seat 2: mabeal1 (big blind) folded before Flop



PokerStars Hand #259538920872: Tournament #3970893371, €0.93+€0.07 EUR Hold'em No Limit - Level IV (30/60) - 2026/01/31 21:13:08 CET [2026/01/31 15:13:08 ET]
Table '3970893371 1' 3-max Seat #2 is the button
Seat 1: STEF56111 (600 in chips) 
Seat 2: mabeal1 (900 in chips) 
mabeal1: posts small blind 30
STEF56111: posts big blind 60
*** HOLE CARDS ***
Dealt to mabeal1 [Jd Qc]
mabeal1: calls 30
STEF56111: raises 60 to 120
mabeal1: calls 60
*** FLOP *** [Jh Ad Kh]
STEF56111: checks 
mabeal1: checks 
*** TURN *** [Jh Ad Kh] [Kc]
STEF56111: bets 60
mabeal1: calls 60
*** RIVER *** [Jh Ad Kh Kc] [9s]
STEF56111: bets 180
mabeal1: folds 
Uncalled bet (180) returned to STEF56111
STEF56111 collected 360 from pot
STEF56111: doesn't show hand 
*** SUMMARY ***
Total pot 360 | Rake 0 
Board [Jh Ad Kh Kc 9s]
Seat 1: STEF56111 (big blind) collected (360)
Seat 2: mabeal1 (button) (small blind) folded on the River



PokerStars Hand #259538930895: Tournament #3970893371, €0.93+€0.07 EUR Hold'em No Limit - Level V (40/80) - 2026/01/31 21:13:48 CET [2026/01/31 15:13:48 ET]
Table '3970893371 1' 3-max Seat #1 is the button
Seat 1: STEF56111 (780 in chips) 
Seat 2: mabeal1 (720 in chips) 
STEF56111: posts small blind 40
mabeal1: posts big blind 80
*** HOLE CARDS ***
Dealt to mabeal1 [Tc Js]
STEF56111: calls 40
mabeal1: raises 640 to 720 and is all-in
STEF56111: calls 640
*** FLOP *** [6h Ts Qs]
*** TURN *** [6h Ts Qs] [Ac]
*** RIVER *** [6h Ts Qs Ac] [5s]
*** SHOW DOWN ***
mabeal1: shows [Tc Js] (a pair of Tens)
STEF56111: shows [9c Ks] (high card Ace)
mabeal1 collected 1440 from pot
*** SUMMARY ***
Total pot 1440 | Rake 0 
Board [6h Ts Qs Ac 5s]
Seat 1: STEF56111 (button) (small blind) showed [9c Ks] and lost with high card Ace
Seat 2: mabeal1 (big blind) showed [Tc Js] and won (1440) with a pair of Tens



PokerStars Hand #259538936738: Tournament #3970893371, €0.93+€0.07 EUR Hold'em No Limit - Level V (40/80) - 2026/01/31 21:14:12 CET [2026/01/31 15:14:12 ET]
Table '3970893371 1' 3-max Seat #2 is the button
Seat 1: STEF56111 (60 in chips) 
Seat 2: mabeal1 (1440 in chips) 
mabeal1: posts small blind 40
STEF56111: posts big blind 60 and is all-in
*** HOLE CARDS ***
Dealt to mabeal1 [Ts 2d]
mabeal1: calls 20
*** FLOP *** [6s 2s 9h]
*** TURN *** [6s 2s 9h] [6c]
*** RIVER *** [6s 2s 9h 6c] [Ks]
*** SHOW DOWN ***
STEF56111: shows [Kh Kd] (a full house, Kings full of Sixes)
mabeal1: shows [Ts 2d] (two pair, Sixes and Deuces)
STEF56111 collected 120 from pot
*** SUMMARY ***
Total pot 120 | Rake 0 
Board [6s 2s 9h 6c Ks]
Seat 1: STEF56111 (big blind) showed [Kh Kd] and won (120) with a full house, Kings full of Sixes
Seat 2: mabeal1 (button) (small blind) showed [Ts 2d] and lost with two pair, Sixes and Deuces



PokerStars Hand #259538940172: Tournament #3970893371, €0.93+€0.07 EUR Hold'em No Limit - Level V (40/80) - 2026/01/31 21:14:26 CET [2026/01/31 15:14:26 ET]
Table '3970893371 1' 3-max Seat #1 is the button
Seat 1: STEF56111 (120 in chips) 
Seat 2: mabeal1 (1380 in chips) 
STEF56111: posts small blind 40
mabeal1: posts big blind 80
*** HOLE CARDS ***
Dealt to mabeal1 [Kc Tc]
STEF56111: calls 40
mabeal1: raises 80 to 160
STEF56111: calls 40 and is all-in
Uncalled bet (40) returned to mabeal1
*** FLOP *** [8d 4s 3h]
*** TURN *** [8d 4s 3h] [6s]
*** RIVER *** [8d 4s 3h 6s] [Kh]
*** SHOW DOWN ***
mabeal1: shows [Kc Tc] (a pair of Kings)
STEF56111: shows [4d 5c] (a pair of Fours)
mabeal1 collected 240 from pot
STEF56111 finished the tournament in 2nd place
mabeal1 wins the tournament and receives €2.00 - congratulations!
*** SUMMARY ***
Total pot 240 | Rake 0 
Board [8d 4s 3h 6s Kh]
Seat 1: STEF56111 (button) (small blind) showed [4d 5c] and lost with a pair of Fours
Seat 2: mabeal1 (big blind) showed [Kc Tc] and won (240) with a pair of Kings



