PokerStars Hand #259550186669: Tournament #3971150839, €0.93+€0.07 EUR Hold'em No Limit - Level I (10/20) - 2026/02/01 18:00:16 CET [2026/02/01 12:00:16 ET]
Table '3971150839 1' 3-max Seat #1 is the button
Seat 1: miguelsd1994 (500 in chips) 
Seat 2: mabeal1 (500 in chips) 
Seat 3: Pakito1634 (500 in chips) 
mabeal1: posts small blind 10
Pakito1634: posts big blind 20
*** HOLE CARDS ***
Dealt to mabeal1 [Kh Jh]
miguelsd1994: folds 
mabeal1: raises 30 to 50
Pakito1634: folds 
Uncalled bet (30) returned to mabeal1
mabeal1 collected 40 from pot
mabeal1: doesn't show hand 
*** SUMMARY ***
Total pot 40 | Rake 0 
Seat 1: miguelsd1994 (button) folded before Flop (didn't bet)
Seat 2: mabeal1 (small blind) collected (40)
Seat 3: Pakito1634 (big blind) folded before Flop



PokerStars Hand #259550188347: Tournament #3971150839, €0.93+€0.07 EUR Hold'em No Limit - Level I (10/20) - 2026/02/01 18:00:26 CET [2026/02/01 12:00:26 ET]
Table '3971150839 1' 3-max Seat #2 is the button
Seat 1: miguelsd1994 (500 in chips) 
Seat 2: mabeal1 (520 in chips) 
Seat 3: Pakito1634 (480 in chips) 
Pakito1634: posts small blind 10
miguelsd1994: posts big blind 20
*** HOLE CARDS ***
Dealt to mabeal1 [Th Ks]
mabeal1: raises 20 to 40
Pakito1634: raises 440 to 480 and is all-in
miguelsd1994: folds 
mabeal1: folds 
Uncalled bet (440) returned to Pakito1634
Pakito1634 collected 100 from pot
*** SUMMARY ***
Total pot 100 | Rake 0 
Seat 1: miguelsd1994 (big blind) folded before Flop
Seat 2: mabeal1 (button) folded before Flop
Seat 3: Pakito1634 (small blind) collected (100)



PokerStars Hand #259550190700: Tournament #3971150839, €0.93+€0.07 EUR Hold'em No Limit - Level I (10/20) - 2026/02/01 18:00:40 CET [2026/02/01 12:00:40 ET]
Table '3971150839 1' 3-max Seat #3 is the button
Seat 1: miguelsd1994 (480 in chips) 
Seat 2: mabeal1 (480 in chips) 
Seat 3: Pakito1634 (540 in chips) 
miguelsd1994: posts small blind 10
mabeal1: posts big blind 20
*** HOLE CARDS ***
Dealt to mabeal1 [8s Js]
Pakito1634: calls 20
miguelsd1994: calls 10
mabeal1: checks 
*** FLOP *** [6c 3s 2s]
miguelsd1994: bets 30
mabeal1: raises 90 to 120
Pakito1634: raises 400 to 520 and is all-in
miguelsd1994: calls 430 and is all-in
mabeal1: calls 340 and is all-in
Uncalled bet (60) returned to Pakito1634
*** TURN *** [6c 3s 2s] [Kc]
*** RIVER *** [6c 3s 2s Kc] [As]
*** SHOW DOWN ***
miguelsd1994: shows [5c 4c] (a straight, Deuce to Six)
mabeal1: shows [8s Js] (a flush, Ace high)
Pakito1634: shows [Ks 6h] (two pair, Kings and Sixes)
mabeal1 collected 1440 from pot
miguelsd1994 finished the tournament in 3rd place
*** SUMMARY ***
Total pot 1440 | Rake 0 
Board [6c 3s 2s Kc As]
Seat 1: miguelsd1994 (small blind) showed [5c 4c] and lost with a straight, Deuce to Six
Seat 2: mabeal1 (big blind) showed [8s Js] and won (1440) with a flush, Ace high
Seat 3: Pakito1634 (button) showed [Ks 6h] and lost with two pair, Kings and Sixes



PokerStars Hand #259550197753: Tournament #3971150839, €0.93+€0.07 EUR Hold'em No Limit - Level I (10/20) - 2026/02/01 18:01:17 CET [2026/02/01 12:01:17 ET]
Table '3971150839 1' 3-max Seat #2 is the button
Seat 2: mabeal1 (1440 in chips) 
Seat 3: Pakito1634 (60 in chips) 
mabeal1: posts small blind 10
Pakito1634: posts big blind 20
*** HOLE CARDS ***
Dealt to mabeal1 [4s 2c]
mabeal1: folds 
Uncalled bet (10) returned to Pakito1634
Pakito1634 collected 20 from pot
Pakito1634: doesn't show hand 
*** SUMMARY ***
Total pot 20 | Rake 0 
Seat 2: mabeal1 (button) (small blind) folded before Flop
Seat 3: Pakito1634 (big blind) collected (20)



PokerStars Hand #259550199113: Tournament #3971150839, €0.93+€0.07 EUR Hold'em No Limit - Level I (10/20) - 2026/02/01 18:01:24 CET [2026/02/01 12:01:24 ET]
Table '3971150839 1' 3-max Seat #3 is the button
Seat 2: mabeal1 (1430 in chips) 
Seat 3: Pakito1634 (70 in chips) 
Pakito1634: posts small blind 10
mabeal1: posts big blind 20
*** HOLE CARDS ***
Dealt to mabeal1 [Ts Ac]
Pakito1634: folds 
Uncalled bet (10) returned to mabeal1
mabeal1 collected 20 from pot
mabeal1: doesn't show hand 
*** SUMMARY ***
Total pot 20 | Rake 0 
Seat 2: mabeal1 (big blind) collected (20)
Seat 3: Pakito1634 (button) (small blind) folded before Flop



PokerStars Hand #259550200436: Tournament #3971150839, €0.93+€0.07 EUR Hold'em No Limit - Level I (10/20) - 2026/02/01 18:01:30 CET [2026/02/01 12:01:30 ET]
Table '3971150839 1' 3-max Seat #2 is the button
Seat 2: mabeal1 (1440 in chips) 
Seat 3: Pakito1634 (60 in chips) 
mabeal1: posts small blind 10
Pakito1634: posts big blind 20
*** HOLE CARDS ***
Dealt to mabeal1 [4s Kc]
mabeal1: raises 1420 to 1440 and is all-in
Pakito1634: calls 40 and is all-in
Uncalled bet (1380) returned to mabeal1
*** FLOP *** [9s Ad 9h]
*** TURN *** [9s Ad 9h] [2d]
*** RIVER *** [9s Ad 9h 2d] [Ah]
*** SHOW DOWN ***
Pakito1634: shows [2h 4d] (two pair, Aces and Nines)
mabeal1: shows [4s Kc] (two pair, Aces and Nines - King kicker)
mabeal1 collected 120 from pot
Pakito1634 finished the tournament in 2nd place
mabeal1 wins the tournament and receives €3.00 - congratulations!
*** SUMMARY ***
Total pot 120 | Rake 0 
Board [9s Ad 9h 2d Ah]
Seat 2: mabeal1 (button) (small blind) showed [4s Kc] and won (120) with two pair, Aces and Nines
Seat 3: Pakito1634 (big blind) showed [2h 4d] and lost with two pair, Aces and Nines



