PokerStars Hand #259584808582: Tournament #3971909240, €0.93+€0.07 EUR Hold'em No Limit - Level I (10/20) - 2026/02/04 2:47:38 CET [2026/02/03 20:47:38 ET]
Table '3971909240 1' 3-max Seat #1 is the button
Seat 1: mabeal1 (500 in chips) 
Seat 2: mofly811 (500 in chips) 
Seat 3: domictoretto (500 in chips) 
mofly811: posts small blind 10
domictoretto: posts big blind 20
*** HOLE CARDS ***
Dealt to mabeal1 [2h 8h]
mabeal1: folds 
mofly811: raises 20 to 40
domictoretto: calls 20
*** FLOP *** [Qd 6d 6h]
mofly811: checks 
domictoretto: checks 
*** TURN *** [Qd 6d 6h] [7h]
mofly811: checks 
domictoretto: checks 
*** RIVER *** [Qd 6d 6h 7h] [Tc]
mofly811: bets 20
domictoretto: calls 20
*** SHOW DOWN ***
mofly811: shows [7s 6s] (a full house, Sixes full of Sevens)
domictoretto: mucks hand 
mofly811 collected 120 from pot
*** SUMMARY ***
Total pot 120 | Rake 0 
Board [Qd 6d 6h 7h Tc]
Seat 1: mabeal1 (button) folded before Flop (didn't bet)
Seat 2: mofly811 (small blind) showed [7s 6s] and won (120) with a full house, Sixes full of Sevens
Seat 3: domictoretto (big blind) mucked [7c 9h]



PokerStars Hand #259584811360: Tournament #3971909240, €0.93+€0.07 EUR Hold'em No Limit - Level I (10/20) - 2026/02/04 2:48:01 CET [2026/02/03 20:48:01 ET]
Table '3971909240 1' 3-max Seat #2 is the button
Seat 1: mabeal1 (500 in chips) 
Seat 2: mofly811 (560 in chips) 
Seat 3: domictoretto (440 in chips) 
domictoretto: posts small blind 10
mabeal1: posts big blind 20
*** HOLE CARDS ***
Dealt to mabeal1 [Td 8d]
mofly811: raises 20 to 40
domictoretto: folds 
mabeal1: calls 20
*** FLOP *** [Qd 3s 2s]
mabeal1: checks 
mofly811: checks 
*** TURN *** [Qd 3s 2s] [Ts]
mabeal1: bets 45
mofly811: folds 
Uncalled bet (45) returned to mabeal1
mabeal1 collected 90 from pot
mabeal1: doesn't show hand 
*** SUMMARY ***
Total pot 90 | Rake 0 
Board [Qd 3s 2s Ts]
Seat 1: mabeal1 (big blind) collected (90)
Seat 2: mofly811 (button) folded on the Turn
Seat 3: domictoretto (small blind) folded before Flop



PokerStars Hand #259584813933: Tournament #3971909240, €0.93+€0.07 EUR Hold'em No Limit - Level I (10/20) - 2026/02/04 2:48:23 CET [2026/02/03 20:48:23 ET]
Table '3971909240 1' 3-max Seat #3 is the button
Seat 1: mabeal1 (550 in chips) 
Seat 2: mofly811 (520 in chips) 
Seat 3: domictoretto (430 in chips) 
mabeal1: posts small blind 10
mofly811: posts big blind 20
*** HOLE CARDS ***
Dealt to mabeal1 [Js Jd]
domictoretto: calls 20
mabeal1: raises 530 to 550 and is all-in
mofly811: calls 500 and is all-in
domictoretto: folds 
Uncalled bet (30) returned to mabeal1
*** FLOP *** [2c 8c 4h]
*** TURN *** [2c 8c 4h] [Kh]
*** RIVER *** [2c 8c 4h Kh] [7d]
*** SHOW DOWN ***
mabeal1: shows [Js Jd] (a pair of Jacks)
mofly811: shows [Th 7c] (a pair of Sevens)
mabeal1 collected 1060 from pot
mofly811 finished the tournament in 3rd place
*** SUMMARY ***
Total pot 1060 | Rake 0 
Board [2c 8c 4h Kh 7d]
Seat 1: mabeal1 (small blind) showed [Js Jd] and won (1060) with a pair of Jacks
Seat 2: mofly811 (big blind) showed [Th 7c] and lost with a pair of Sevens
Seat 3: domictoretto (button) folded before Flop



PokerStars Hand #259584817075: Tournament #3971909240, €0.93+€0.07 EUR Hold'em No Limit - Level I (10/20) - 2026/02/04 2:48:49 CET [2026/02/03 20:48:49 ET]
Table '3971909240 1' 3-max Seat #1 is the button
Seat 1: mabeal1 (1090 in chips) 
Seat 3: domictoretto (410 in chips) 
mabeal1: posts small blind 10
domictoretto: posts big blind 20
*** HOLE CARDS ***
Dealt to mabeal1 [9h 5d]
mabeal1: calls 10
domictoretto: checks 
*** FLOP *** [3h Kd 3c]
domictoretto: checks 
mabeal1: bets 20
domictoretto: calls 20
*** TURN *** [3h Kd 3c] [Jd]
domictoretto: checks 
mabeal1: bets 60
domictoretto: folds 
Uncalled bet (60) returned to mabeal1
mabeal1 collected 80 from pot
mabeal1: doesn't show hand 
*** SUMMARY ***
Total pot 80 | Rake 0 
Board [3h Kd 3c Jd]
Seat 1: mabeal1 (button) (small blind) collected (80)
Seat 3: domictoretto (big blind) folded on the Turn



PokerStars Hand #259584818790: Tournament #3971909240, €0.93+€0.07 EUR Hold'em No Limit - Level I (10/20) - 2026/02/04 2:49:03 CET [2026/02/03 20:49:03 ET]
Table '3971909240 1' 3-max Seat #3 is the button
Seat 1: mabeal1 (1130 in chips) 
Seat 3: domictoretto (370 in chips) 
domictoretto: posts small blind 10
mabeal1: posts big blind 20
*** HOLE CARDS ***
Dealt to mabeal1 [8h 2c]
domictoretto: calls 10
mabeal1: checks 
*** FLOP *** [7h Kh 9d]
mabeal1: checks 
domictoretto: bets 20
mabeal1: raises 40 to 60
domictoretto: calls 40
*** TURN *** [7h Kh 9d] [9h]
mabeal1: bets 120
domictoretto: calls 120
*** RIVER *** [7h Kh 9d 9h] [Ts]
mabeal1: bets 930 and is all-in
domictoretto: calls 170 and is all-in
Uncalled bet (760) returned to mabeal1
*** SHOW DOWN ***
mabeal1: shows [8h 2c] (a pair of Nines)
domictoretto: shows [Kd 5c] (two pair, Kings and Nines)
domictoretto collected 740 from pot
*** SUMMARY ***
Total pot 740 | Rake 0 
Board [7h Kh 9d 9h Ts]
Seat 1: mabeal1 (big blind) showed [8h 2c] and lost with a pair of Nines
Seat 3: domictoretto (button) (small blind) showed [Kd 5c] and won (740) with two pair, Kings and Nines



PokerStars Hand #259584822217: Tournament #3971909240, €0.93+€0.07 EUR Hold'em No Limit - Level I (10/20) - 2026/02/04 2:49:31 CET [2026/02/03 20:49:31 ET]
Table '3971909240 1' 3-max Seat #1 is the button
Seat 1: mabeal1 (760 in chips) 
Seat 3: domictoretto (740 in chips) 
mabeal1: posts small blind 10
domictoretto: posts big blind 20
*** HOLE CARDS ***
Dealt to mabeal1 [2c 3h]
mabeal1: calls 10
domictoretto: checks 
*** FLOP *** [4c 5c Qd]
domictoretto: checks 
mabeal1: checks 
*** TURN *** [4c 5c Qd] [9h]
domictoretto: checks 
mabeal1: checks 
*** RIVER *** [4c 5c Qd 9h] [Ks]
domictoretto: bets 40
mabeal1: folds 
Uncalled bet (40) returned to domictoretto
domictoretto collected 40 from pot
*** SUMMARY ***
Total pot 40 | Rake 0 
Board [4c 5c Qd 9h Ks]
Seat 1: mabeal1 (button) (small blind) folded on the River
Seat 3: domictoretto (big blind) collected (40)



PokerStars Hand #259584825740: Tournament #3971909240, €0.93+€0.07 EUR Hold'em No Limit - Level I (10/20) - 2026/02/04 2:50:01 CET [2026/02/03 20:50:01 ET]
Table '3971909240 1' 3-max Seat #3 is the button
Seat 1: mabeal1 (740 in chips) 
Seat 3: domictoretto (760 in chips) 
domictoretto: posts small blind 10
mabeal1: posts big blind 20
*** HOLE CARDS ***
Dealt to mabeal1 [6c 9c]
domictoretto: calls 10
mabeal1: checks 
*** FLOP *** [8c Qc Tc]
mabeal1: checks 
domictoretto: bets 20
mabeal1: raises 40 to 60
domictoretto: calls 40
*** TURN *** [8c Qc Tc] [Jh]
mabeal1: bets 120
domictoretto: calls 120
*** RIVER *** [8c Qc Tc Jh] [7s]
mabeal1: bets 540 and is all-in
domictoretto: calls 540
*** SHOW DOWN ***
mabeal1: shows [6c 9c] (a flush, Queen high)
domictoretto: shows [Qd 4s] (a pair of Queens)
mabeal1 collected 1480 from pot
*** SUMMARY ***
Total pot 1480 | Rake 0 
Board [8c Qc Tc Jh 7s]
Seat 1: mabeal1 (big blind) showed [6c 9c] and won (1480) with a flush, Queen high
Seat 3: domictoretto (button) (small blind) showed [Qd 4s] and lost with a pair of Queens



PokerStars Hand #259584828763: Tournament #3971909240, €0.93+€0.07 EUR Hold'em No Limit - Level I (10/20) - 2026/02/04 2:50:26 CET [2026/02/03 20:50:26 ET]
Table '3971909240 1' 3-max Seat #1 is the button
Seat 1: mabeal1 (1480 in chips) 
Seat 3: domictoretto (20 in chips) 
mabeal1: posts small blind 10
domictoretto: posts big blind 20 and is all-in
*** HOLE CARDS ***
Dealt to mabeal1 [Qc 8h]
mabeal1: calls 10
*** FLOP *** [3h Th 2c]
*** TURN *** [3h Th 2c] [Qh]
*** RIVER *** [3h Th 2c Qh] [4d]
*** SHOW DOWN ***
domictoretto: shows [Kh Ah] (a flush, Ace high)
mabeal1: shows [Qc 8h] (a pair of Queens)
domictoretto collected 40 from pot
*** SUMMARY ***
Total pot 40 | Rake 0 
Board [3h Th 2c Qh 4d]
Seat 1: mabeal1 (button) (small blind) showed [Qc 8h] and lost with a pair of Queens
Seat 3: domictoretto (big blind) showed [Kh Ah] and won (40) with a flush, Ace high



PokerStars Hand #259584830790: Tournament #3971909240, €0.93+€0.07 EUR Hold'em No Limit - Level II (15/30) - 2026/02/04 2:50:43 CET [2026/02/03 20:50:43 ET]
Table '3971909240 1' 3-max Seat #3 is the button
Seat 1: mabeal1 (1460 in chips) 
Seat 3: domictoretto (40 in chips) 
domictoretto: posts small blind 15
mabeal1: posts big blind 30
*** HOLE CARDS ***
Dealt to mabeal1 [7s Tc]
domictoretto: folds 
Uncalled bet (15) returned to mabeal1
mabeal1 collected 30 from pot
mabeal1: doesn't show hand 
*** SUMMARY ***
Total pot 30 | Rake 0 
Seat 1: mabeal1 (big blind) collected (30)
Seat 3: domictoretto (button) (small blind) folded before Flop



PokerStars Hand #259584831442: Tournament #3971909240, €0.93+€0.07 EUR Hold'em No Limit - Level II (15/30) - 2026/02/04 2:50:49 CET [2026/02/03 20:50:49 ET]
Table '3971909240 1' 3-max Seat #1 is the button
Seat 1: mabeal1 (1475 in chips) 
Seat 3: domictoretto (25 in chips) 
mabeal1: posts small blind 15
domictoretto: posts big blind 25 and is all-in
*** HOLE CARDS ***
Dealt to mabeal1 [3c Js]
mabeal1: calls 10
*** FLOP *** [Kh 4s 2s]
*** TURN *** [Kh 4s 2s] [3d]
*** RIVER *** [Kh 4s 2s 3d] [8s]
*** SHOW DOWN ***
domictoretto: shows [Ts 7d] (high card King)
mabeal1: shows [3c Js] (a pair of Threes)
mabeal1 collected 50 from pot
domictoretto finished the tournament in 2nd place
mabeal1 wins the tournament and receives €3.00 - congratulations!
*** SUMMARY ***
Total pot 50 | Rake 0 
Board [Kh 4s 2s 3d 8s]
Seat 1: mabeal1 (button) (small blind) showed [3c Js] and won (50) with a pair of Threes
Seat 3: domictoretto (big blind) showed [Ts 7d] and lost with high card King



