PokerStars Hand #259430129400: Tournament #3968410876, €0.46+€0.04 EUR Hold'em No Limit - Level I (10/20) - 2026/01/23 18:52:16 CET [2026/01/23 12:52:16 ET]
Table '3968410876 1' 3-max Seat #1 is the button
Seat 1: masterta86 (500 in chips) 
Seat 2: oxutadebico (500 in chips) 
Seat 3: mabeal1 (500 in chips) 
oxutadebico: posts small blind 10
mabeal1: posts big blind 20
*** HOLE CARDS ***
Dealt to mabeal1 [5d Th]
masterta86: calls 20
oxutadebico: calls 10
mabeal1: checks 
*** FLOP *** [6h 6c 7c]
oxutadebico: checks 
mabeal1: checks 
masterta86: bets 20
oxutadebico: folds 
mabeal1: folds 
Uncalled bet (20) returned to masterta86
masterta86 collected 60 from pot
masterta86: doesn't show hand 
*** SUMMARY ***
Total pot 60 | Rake 0 
Board [6h 6c 7c]
Seat 1: masterta86 (button) collected (60)
Seat 2: oxutadebico (small blind) folded on the Flop
Seat 3: mabeal1 (big blind) folded on the Flop



PokerStars Hand #259430134117: Tournament #3968410876, €0.46+€0.04 EUR Hold'em No Limit - Level I (10/20) - 2026/01/23 18:52:38 CET [2026/01/23 12:52:38 ET]
Table '3968410876 1' 3-max Seat #2 is the button
Seat 1: masterta86 (540 in chips) 
Seat 2: oxutadebico (480 in chips) 
Seat 3: mabeal1 (480 in chips) 
mabeal1: posts small blind 10
masterta86: posts big blind 20
*** HOLE CARDS ***
Dealt to mabeal1 [7s 9s]
oxutadebico: raises 20 to 40
mabeal1: folds 
masterta86: calls 20
*** FLOP *** [3s 5s 3c]
masterta86: checks 
oxutadebico: checks 
*** TURN *** [3s 5s 3c] [Kh]
masterta86: checks 
oxutadebico: bets 45
masterta86: folds 
Uncalled bet (45) returned to oxutadebico
oxutadebico collected 90 from pot
oxutadebico: doesn't show hand 
*** SUMMARY ***
Total pot 90 | Rake 0 
Board [3s 5s 3c Kh]
Seat 1: masterta86 (big blind) folded on the Turn
Seat 2: oxutadebico (button) collected (90)
Seat 3: mabeal1 (small blind) folded before Flop



PokerStars Hand #259430139261: Tournament #3968410876, €0.46+€0.04 EUR Hold'em No Limit - Level I (10/20) - 2026/01/23 18:53:02 CET [2026/01/23 12:53:02 ET]
Table '3968410876 1' 3-max Seat #3 is the button
Seat 1: masterta86 (500 in chips) 
Seat 2: oxutadebico (530 in chips) 
Seat 3: mabeal1 (470 in chips) 
masterta86: posts small blind 10
oxutadebico: posts big blind 20
*** HOLE CARDS ***
Dealt to mabeal1 [Jd 8c]
mabeal1: folds 
masterta86: calls 10
oxutadebico: checks 
*** FLOP *** [Ks Qs 5c]
masterta86: checks 
oxutadebico: checks 
*** TURN *** [Ks Qs 5c] [8s]
masterta86: checks 
oxutadebico: bets 20
masterta86: folds 
Uncalled bet (20) returned to oxutadebico
oxutadebico collected 40 from pot
oxutadebico: doesn't show hand 
*** SUMMARY ***
Total pot 40 | Rake 0 
Board [Ks Qs 5c 8s]
Seat 1: masterta86 (small blind) folded on the Turn
Seat 2: oxutadebico (big blind) collected (40)
Seat 3: mabeal1 (button) folded before Flop (didn't bet)



PokerStars Hand #259430143198: Tournament #3968410876, €0.46+€0.04 EUR Hold'em No Limit - Level I (10/20) - 2026/01/23 18:53:21 CET [2026/01/23 12:53:21 ET]
Table '3968410876 1' 3-max Seat #1 is the button
Seat 1: masterta86 (480 in chips) 
Seat 2: oxutadebico (550 in chips) 
Seat 3: mabeal1 (470 in chips) 
oxutadebico: posts small blind 10
mabeal1: posts big blind 20
*** HOLE CARDS ***
Dealt to mabeal1 [3s Qc]
masterta86: calls 20
oxutadebico: calls 10
mabeal1: checks 
*** FLOP *** [5s 2c 6d]
oxutadebico: checks 
mabeal1: checks 
masterta86: checks 
*** TURN *** [5s 2c 6d] [6c]
oxutadebico: bets 30
mabeal1: folds 
masterta86: folds 
Uncalled bet (30) returned to oxutadebico
oxutadebico collected 60 from pot
oxutadebico: doesn't show hand 
*** SUMMARY ***
Total pot 60 | Rake 0 
Board [5s 2c 6d 6c]
Seat 1: masterta86 (button) folded on the Turn
Seat 2: oxutadebico (small blind) collected (60)
Seat 3: mabeal1 (big blind) folded on the Turn



PokerStars Hand #259430146565: Tournament #3968410876, €0.46+€0.04 EUR Hold'em No Limit - Level I (10/20) - 2026/01/23 18:53:37 CET [2026/01/23 12:53:37 ET]
Table '3968410876 1' 3-max Seat #2 is the button
Seat 1: masterta86 (460 in chips) 
Seat 2: oxutadebico (590 in chips) 
Seat 3: mabeal1 (450 in chips) 
mabeal1: posts small blind 10
masterta86: posts big blind 20
*** HOLE CARDS ***
Dealt to mabeal1 [9h Ad]
oxutadebico: folds 
mabeal1: raises 430 to 450 and is all-in
masterta86: folds 
Uncalled bet (430) returned to mabeal1
mabeal1 collected 40 from pot
mabeal1: doesn't show hand 
*** SUMMARY ***
Total pot 40 | Rake 0 
Seat 1: masterta86 (big blind) folded before Flop
Seat 2: oxutadebico (button) folded before Flop (didn't bet)
Seat 3: mabeal1 (small blind) collected (40)



PokerStars Hand #259430148484: Tournament #3968410876, €0.46+€0.04 EUR Hold'em No Limit - Level I (10/20) - 2026/01/23 18:53:46 CET [2026/01/23 12:53:46 ET]
Table '3968410876 1' 3-max Seat #3 is the button
Seat 1: masterta86 (440 in chips) 
Seat 2: oxutadebico (590 in chips) 
Seat 3: mabeal1 (470 in chips) 
masterta86: posts small blind 10
oxutadebico: posts big blind 20
*** HOLE CARDS ***
Dealt to mabeal1 [7s 5d]
mabeal1: folds 
masterta86: calls 10
oxutadebico: raises 40 to 60
masterta86: calls 40
*** FLOP *** [7d Tc 6s]
masterta86: checks 
oxutadebico: checks 
*** TURN *** [7d Tc 6s] [9c]
masterta86: checks 
oxutadebico: bets 60
masterta86: folds 
Uncalled bet (60) returned to oxutadebico
oxutadebico collected 120 from pot
oxutadebico: doesn't show hand 
*** SUMMARY ***
Total pot 120 | Rake 0 
Board [7d Tc 6s 9c]
Seat 1: masterta86 (small blind) folded on the Turn
Seat 2: oxutadebico (big blind) collected (120)
Seat 3: mabeal1 (button) folded before Flop (didn't bet)



PokerStars Hand #259430152935: Tournament #3968410876, €0.46+€0.04 EUR Hold'em No Limit - Level I (10/20) - 2026/01/23 18:54:07 CET [2026/01/23 12:54:07 ET]
Table '3968410876 1' 3-max Seat #1 is the button
Seat 1: masterta86 (380 in chips) 
Seat 2: oxutadebico (650 in chips) 
Seat 3: mabeal1 (470 in chips) 
oxutadebico: posts small blind 10
mabeal1: posts big blind 20
*** HOLE CARDS ***
Dealt to mabeal1 [Qs 3s]
masterta86: calls 20
oxutadebico: raises 40 to 60
mabeal1: folds 
masterta86: calls 40
*** FLOP *** [Ts Js 3h]
oxutadebico: checks 
masterta86: checks 
*** TURN *** [Ts Js 3h] [Ac]
oxutadebico: bets 70
masterta86: folds 
Uncalled bet (70) returned to oxutadebico
oxutadebico collected 140 from pot
oxutadebico: doesn't show hand 
*** SUMMARY ***
Total pot 140 | Rake 0 
Board [Ts Js 3h Ac]
Seat 1: masterta86 (button) folded on the Turn
Seat 2: oxutadebico (small blind) collected (140)
Seat 3: mabeal1 (big blind) folded before Flop



PokerStars Hand #259430160600: Tournament #3968410876, €0.46+€0.04 EUR Hold'em No Limit - Level II (15/30) - 2026/01/23 18:54:43 CET [2026/01/23 12:54:43 ET]
Table '3968410876 1' 3-max Seat #2 is the button
Seat 1: masterta86 (320 in chips) 
Seat 2: oxutadebico (730 in chips) 
Seat 3: mabeal1 (450 in chips) 
mabeal1: posts small blind 15
masterta86: posts big blind 30
*** HOLE CARDS ***
Dealt to mabeal1 [6s Qc]
oxutadebico: folds 
mabeal1: folds 
Uncalled bet (15) returned to masterta86
masterta86 collected 30 from pot
masterta86: doesn't show hand 
*** SUMMARY ***
Total pot 30 | Rake 0 
Seat 1: masterta86 (big blind) collected (30)
Seat 2: oxutadebico (button) folded before Flop (didn't bet)
Seat 3: mabeal1 (small blind) folded before Flop



PokerStars Hand #259430163074: Tournament #3968410876, €0.46+€0.04 EUR Hold'em No Limit - Level II (15/30) - 2026/01/23 18:54:54 CET [2026/01/23 12:54:54 ET]
Table '3968410876 1' 3-max Seat #3 is the button
Seat 1: masterta86 (335 in chips) 
Seat 2: oxutadebico (730 in chips) 
Seat 3: mabeal1 (435 in chips) 
masterta86: posts small blind 15
oxutadebico: posts big blind 30
*** HOLE CARDS ***
Dealt to mabeal1 [Jc 2c]
mabeal1: folds 
masterta86: calls 15
oxutadebico: checks 
*** FLOP *** [Tc Ac 2d]
masterta86: checks 
oxutadebico: checks 
*** TURN *** [Tc Ac 2d] [8c]
masterta86: checks 
oxutadebico: checks 
*** RIVER *** [Tc Ac 2d 8c] [3d]
masterta86: bets 30
oxutadebico: folds 
Uncalled bet (30) returned to masterta86
masterta86 collected 60 from pot
masterta86: doesn't show hand 
*** SUMMARY ***
Total pot 60 | Rake 0 
Board [Tc Ac 2d 8c 3d]
Seat 1: masterta86 (small blind) collected (60)
Seat 2: oxutadebico (big blind) folded on the River
Seat 3: mabeal1 (button) folded before Flop (didn't bet)



PokerStars Hand #259430166831: Tournament #3968410876, €0.46+€0.04 EUR Hold'em No Limit - Level II (15/30) - 2026/01/23 18:55:15 CET [2026/01/23 12:55:15 ET]
Table '3968410876 1' 3-max Seat #1 is the button
Seat 1: masterta86 (365 in chips) 
Seat 2: oxutadebico (700 in chips) 
Seat 3: mabeal1 (435 in chips) 
oxutadebico: posts small blind 15
mabeal1: posts big blind 30
*** HOLE CARDS ***
Dealt to mabeal1 [2s 3s]
masterta86: calls 30
oxutadebico: calls 15
mabeal1: checks 
*** FLOP *** [Kc 6h 2c]
oxutadebico: checks 
mabeal1: checks 
masterta86: checks 
*** TURN *** [Kc 6h 2c] [5c]
oxutadebico: checks 
mabeal1: checks 
masterta86: checks 
*** RIVER *** [Kc 6h 2c 5c] [8d]
oxutadebico: checks 
mabeal1: checks 
masterta86: checks 
*** SHOW DOWN ***
oxutadebico: shows [Jd Qs] (high card King)
mabeal1: shows [2s 3s] (a pair of Deuces)
masterta86: mucks hand 
mabeal1 collected 90 from pot
*** SUMMARY ***
Total pot 90 | Rake 0 
Board [Kc 6h 2c 5c 8d]
Seat 1: masterta86 (button) mucked [Ts 9h]
Seat 2: oxutadebico (small blind) showed [Jd Qs] and lost with high card King
Seat 3: mabeal1 (big blind) showed [2s 3s] and won (90) with a pair of Deuces



PokerStars Hand #259430171086: Tournament #3968410876, €0.46+€0.04 EUR Hold'em No Limit - Level II (15/30) - 2026/01/23 18:55:44 CET [2026/01/23 12:55:44 ET]
Table '3968410876 1' 3-max Seat #2 is the button
Seat 1: masterta86 (335 in chips) 
Seat 2: oxutadebico (670 in chips) 
Seat 3: mabeal1 (495 in chips) 
mabeal1: posts small blind 15
masterta86: posts big blind 30
*** HOLE CARDS ***
Dealt to mabeal1 [7h Jd]
oxutadebico: folds 
mabeal1: folds 
Uncalled bet (15) returned to masterta86
masterta86 collected 30 from pot
masterta86: doesn't show hand 
*** SUMMARY ***
Total pot 30 | Rake 0 
Seat 1: masterta86 (big blind) collected (30)
Seat 2: oxutadebico (button) folded before Flop (didn't bet)
Seat 3: mabeal1 (small blind) folded before Flop



PokerStars Hand #259430172783: Tournament #3968410876, €0.46+€0.04 EUR Hold'em No Limit - Level II (15/30) - 2026/01/23 18:55:55 CET [2026/01/23 12:55:55 ET]
Table '3968410876 1' 3-max Seat #3 is the button
Seat 1: masterta86 (350 in chips) 
Seat 2: oxutadebico (670 in chips) 
Seat 3: mabeal1 (480 in chips) 
masterta86: posts small blind 15
oxutadebico: posts big blind 30
*** HOLE CARDS ***
Dealt to mabeal1 [8h 3h]
mabeal1: folds 
masterta86: calls 15
oxutadebico: checks 
*** FLOP *** [2h 7s 8s]
masterta86: checks 
oxutadebico: bets 30
masterta86: folds 
Uncalled bet (30) returned to oxutadebico
oxutadebico collected 60 from pot
oxutadebico: doesn't show hand 
*** SUMMARY ***
Total pot 60 | Rake 0 
Board [2h 7s 8s]
Seat 1: masterta86 (small blind) folded on the Flop
Seat 2: oxutadebico (big blind) collected (60)
Seat 3: mabeal1 (button) folded before Flop (didn't bet)



PokerStars Hand #259430174894: Tournament #3968410876, €0.46+€0.04 EUR Hold'em No Limit - Level II (15/30) - 2026/01/23 18:56:09 CET [2026/01/23 12:56:09 ET]
Table '3968410876 1' 3-max Seat #1 is the button
Seat 1: masterta86 (320 in chips) 
Seat 2: oxutadebico (700 in chips) 
Seat 3: mabeal1 (480 in chips) 
oxutadebico: posts small blind 15
mabeal1: posts big blind 30
*** HOLE CARDS ***
Dealt to mabeal1 [5s 4c]
masterta86: calls 30
oxutadebico: calls 15
mabeal1: checks 
*** FLOP *** [Ts 8c Ah]
oxutadebico: checks 
mabeal1: checks 
masterta86: bets 30
oxutadebico: folds 
mabeal1: folds 
Uncalled bet (30) returned to masterta86
masterta86 collected 90 from pot
masterta86: doesn't show hand 
*** SUMMARY ***
Total pot 90 | Rake 0 
Board [Ts 8c Ah]
Seat 1: masterta86 (button) collected (90)
Seat 2: oxutadebico (small blind) folded on the Flop
Seat 3: mabeal1 (big blind) folded on the Flop



PokerStars Hand #259430177641: Tournament #3968410876, €0.46+€0.04 EUR Hold'em No Limit - Level III (20/40) - 2026/01/23 18:56:27 CET [2026/01/23 12:56:27 ET]
Table '3968410876 1' 3-max Seat #2 is the button
Seat 1: masterta86 (380 in chips) 
Seat 2: oxutadebico (670 in chips) 
Seat 3: mabeal1 (450 in chips) 
mabeal1: posts small blind 20
masterta86: posts big blind 40
*** HOLE CARDS ***
Dealt to mabeal1 [Jh 9d]
oxutadebico: raises 40 to 80
mabeal1: folds 
masterta86: folds 
Uncalled bet (40) returned to oxutadebico
oxutadebico collected 100 from pot
oxutadebico: doesn't show hand 
*** SUMMARY ***
Total pot 100 | Rake 0 
Seat 1: masterta86 (big blind) folded before Flop
Seat 2: oxutadebico (button) collected (100)
Seat 3: mabeal1 (small blind) folded before Flop



PokerStars Hand #259430179783: Tournament #3968410876, €0.46+€0.04 EUR Hold'em No Limit - Level III (20/40) - 2026/01/23 18:56:40 CET [2026/01/23 12:56:40 ET]
Table '3968410876 1' 3-max Seat #3 is the button
Seat 1: masterta86 (340 in chips) 
Seat 2: oxutadebico (730 in chips) 
Seat 3: mabeal1 (430 in chips) 
masterta86: posts small blind 20
oxutadebico: posts big blind 40
*** HOLE CARDS ***
Dealt to mabeal1 [2h 4s]
mabeal1: folds 
masterta86: calls 20
oxutadebico: checks 
*** FLOP *** [Ts 6c 3d]
masterta86: checks 
oxutadebico: bets 40
masterta86: calls 40
*** TURN *** [Ts 6c 3d] [Js]
masterta86: checks 
oxutadebico: bets 80
masterta86: folds 
Uncalled bet (80) returned to oxutadebico
oxutadebico collected 160 from pot
oxutadebico: doesn't show hand 
*** SUMMARY ***
Total pot 160 | Rake 0 
Board [Ts 6c 3d Js]
Seat 1: masterta86 (small blind) folded on the Turn
Seat 2: oxutadebico (big blind) collected (160)
Seat 3: mabeal1 (button) folded before Flop (didn't bet)



PokerStars Hand #259430182497: Tournament #3968410876, €0.46+€0.04 EUR Hold'em No Limit - Level III (20/40) - 2026/01/23 18:56:58 CET [2026/01/23 12:56:58 ET]
Table '3968410876 1' 3-max Seat #1 is the button
Seat 1: masterta86 (260 in chips) 
Seat 2: oxutadebico (810 in chips) 
Seat 3: mabeal1 (430 in chips) 
oxutadebico: posts small blind 20
mabeal1: posts big blind 40
*** HOLE CARDS ***
Dealt to mabeal1 [Qs 6d]
masterta86: calls 40
oxutadebico: calls 20
mabeal1: checks 
*** FLOP *** [Jd Kd 3s]
oxutadebico: checks 
mabeal1: checks 
masterta86: checks 
*** TURN *** [Jd Kd 3s] [Qd]
oxutadebico: checks 
mabeal1: bets 80
masterta86: calls 80
oxutadebico: calls 80
*** RIVER *** [Jd Kd 3s Qd] [Qc]
oxutadebico: checks 
mabeal1: bets 270
masterta86: folds 
oxutadebico: folds 
Uncalled bet (270) returned to mabeal1
mabeal1 collected 360 from pot
mabeal1: doesn't show hand 
*** SUMMARY ***
Total pot 360 | Rake 0 
Board [Jd Kd 3s Qd Qc]
Seat 1: masterta86 (button) folded on the River
Seat 2: oxutadebico (small blind) folded on the River
Seat 3: mabeal1 (big blind) collected (360)



PokerStars Hand #259430186069: Tournament #3968410876, €0.46+€0.04 EUR Hold'em No Limit - Level III (20/40) - 2026/01/23 18:57:21 CET [2026/01/23 12:57:21 ET]
Table '3968410876 1' 3-max Seat #2 is the button
Seat 1: masterta86 (140 in chips) 
Seat 2: oxutadebico (690 in chips) 
Seat 3: mabeal1 (670 in chips) 
mabeal1: posts small blind 20
masterta86: posts big blind 40
*** HOLE CARDS ***
Dealt to mabeal1 [Ac 4d]
oxutadebico: folds 
mabeal1: raises 120 to 160
masterta86: calls 100 and is all-in
Uncalled bet (20) returned to mabeal1
*** FLOP *** [Kc 4c 5c]
*** TURN *** [Kc 4c 5c] [9c]
*** RIVER *** [Kc 4c 5c 9c] [9s]
*** SHOW DOWN ***
mabeal1: shows [Ac 4d] (a flush, Ace high)
masterta86: shows [Th Ts] (two pair, Tens and Nines)
mabeal1 collected 280 from pot
masterta86 finished the tournament in 3rd place
*** SUMMARY ***
Total pot 280 | Rake 0 
Board [Kc 4c 5c 9c 9s]
Seat 1: masterta86 (big blind) showed [Th Ts] and lost with two pair, Tens and Nines
Seat 2: oxutadebico (button) folded before Flop (didn't bet)
Seat 3: mabeal1 (small blind) showed [Ac 4d] and won (280) with a flush, Ace high



PokerStars Hand #259430189006: Tournament #3968410876, €0.46+€0.04 EUR Hold'em No Limit - Level III (20/40) - 2026/01/23 18:57:40 CET [2026/01/23 12:57:40 ET]
Table '3968410876 1' 3-max Seat #3 is the button
Seat 2: oxutadebico (690 in chips) 
Seat 3: mabeal1 (810 in chips) 
mabeal1: posts small blind 20
oxutadebico: posts big blind 40
*** HOLE CARDS ***
Dealt to mabeal1 [Qc 8s]
mabeal1: calls 20
oxutadebico: checks 
*** FLOP *** [Th 5s 4d]
oxutadebico: checks 
mabeal1: bets 40
oxutadebico: calls 40
*** TURN *** [Th 5s 4d] [Kh]
oxutadebico: checks 
mabeal1: bets 120
oxutadebico: calls 120
*** RIVER *** [Th 5s 4d Kh] [Ts]
oxutadebico: checks 
mabeal1: checks 
*** SHOW DOWN ***
oxutadebico: shows [9c 4c] (two pair, Tens and Fours)
mabeal1: mucks hand 
oxutadebico collected 400 from pot
*** SUMMARY ***
Total pot 400 | Rake 0 
Board [Th 5s 4d Kh Ts]
Seat 2: oxutadebico (big blind) showed [9c 4c] and won (400) with two pair, Tens and Fours
Seat 3: mabeal1 (button) (small blind) mucked [Qc 8s]



PokerStars Hand #259430191691: Tournament #3968410876, €0.46+€0.04 EUR Hold'em No Limit - Level III (20/40) - 2026/01/23 18:57:58 CET [2026/01/23 12:57:58 ET]
Table '3968410876 1' 3-max Seat #2 is the button
Seat 2: oxutadebico (890 in chips) 
Seat 3: mabeal1 (610 in chips) 
oxutadebico: posts small blind 20
mabeal1: posts big blind 40
*** HOLE CARDS ***
Dealt to mabeal1 [8s 9h]
oxutadebico: calls 20
mabeal1: checks 
*** FLOP *** [As Ac 3h]
mabeal1: checks 
oxutadebico: checks 
*** TURN *** [As Ac 3h] [Jd]
mabeal1: bets 40
oxutadebico: folds 
Uncalled bet (40) returned to mabeal1
mabeal1 collected 80 from pot
mabeal1: doesn't show hand 
*** SUMMARY ***
Total pot 80 | Rake 0 
Board [As Ac 3h Jd]
Seat 2: oxutadebico (button) (small blind) folded on the Turn
Seat 3: mabeal1 (big blind) collected (80)



PokerStars Hand #259430194400: Tournament #3968410876, €0.46+€0.04 EUR Hold'em No Limit - Level III (20/40) - 2026/01/23 18:58:15 CET [2026/01/23 12:58:15 ET]
Table '3968410876 1' 3-max Seat #3 is the button
Seat 2: oxutadebico (850 in chips) 
Seat 3: mabeal1 (650 in chips) 
mabeal1: posts small blind 20
oxutadebico: posts big blind 40
*** HOLE CARDS ***
Dealt to mabeal1 [3s 6h]
mabeal1: calls 20
oxutadebico: checks 
*** FLOP *** [7d Jd 8c]
oxutadebico: checks 
mabeal1: bets 40
oxutadebico: calls 40
*** TURN *** [7d Jd 8c] [Kd]
oxutadebico: checks 
mabeal1: checks 
*** RIVER *** [7d Jd 8c Kd] [Kc]
oxutadebico: bets 80
mabeal1: folds 
Uncalled bet (80) returned to oxutadebico
oxutadebico collected 160 from pot
oxutadebico: doesn't show hand 
*** SUMMARY ***
Total pot 160 | Rake 0 
Board [7d Jd 8c Kd Kc]
Seat 2: oxutadebico (big blind) collected (160)
Seat 3: mabeal1 (button) (small blind) folded on the River



PokerStars Hand #259430197229: Tournament #3968410876, €0.46+€0.04 EUR Hold'em No Limit - Level IV (30/60) - 2026/01/23 18:58:33 CET [2026/01/23 12:58:33 ET]
Table '3968410876 1' 3-max Seat #2 is the button
Seat 2: oxutadebico (930 in chips) 
Seat 3: mabeal1 (570 in chips) 
oxutadebico: posts small blind 30
mabeal1: posts big blind 60
*** HOLE CARDS ***
Dealt to mabeal1 [Th Jd]
oxutadebico: calls 30
mabeal1: checks 
*** FLOP *** [3s 3c 3h]
mabeal1: checks 
oxutadebico: checks 
*** TURN *** [3s 3c 3h] [Qh]
mabeal1: checks 
oxutadebico: checks 
*** RIVER *** [3s 3c 3h Qh] [9d]
mabeal1: checks 
oxutadebico: checks 
*** SHOW DOWN ***
mabeal1: shows [Th Jd] (three of a kind, Threes)
oxutadebico: mucks hand 
mabeal1 collected 120 from pot
*** SUMMARY ***
Total pot 120 | Rake 0 
Board [3s 3c 3h Qh 9d]
Seat 2: oxutadebico (button) (small blind) mucked [6s 7d]
Seat 3: mabeal1 (big blind) showed [Th Jd] and won (120) with three of a kind, Threes



PokerStars Hand #259430201280: Tournament #3968410876, €0.46+€0.04 EUR Hold'em No Limit - Level IV (30/60) - 2026/01/23 18:58:59 CET [2026/01/23 12:58:59 ET]
Table '3968410876 1' 3-max Seat #3 is the button
Seat 2: oxutadebico (870 in chips) 
Seat 3: mabeal1 (630 in chips) 
mabeal1: posts small blind 30
oxutadebico: posts big blind 60
*** HOLE CARDS ***
Dealt to mabeal1 [Ad 4h]
mabeal1: raises 570 to 630 and is all-in
oxutadebico: folds 
Uncalled bet (570) returned to mabeal1
mabeal1 collected 120 from pot
mabeal1: doesn't show hand 
*** SUMMARY ***
Total pot 120 | Rake 0 
Seat 2: oxutadebico (big blind) folded before Flop
Seat 3: mabeal1 (button) (small blind) collected (120)



PokerStars Hand #259430202686: Tournament #3968410876, €0.46+€0.04 EUR Hold'em No Limit - Level IV (30/60) - 2026/01/23 18:59:08 CET [2026/01/23 12:59:08 ET]
Table '3968410876 1' 3-max Seat #2 is the button
Seat 2: oxutadebico (810 in chips) 
Seat 3: mabeal1 (690 in chips) 
oxutadebico: posts small blind 30
mabeal1: posts big blind 60
*** HOLE CARDS ***
Dealt to mabeal1 [9s Js]
oxutadebico: raises 60 to 120
mabeal1: calls 60
*** FLOP *** [7c As 5d]
mabeal1: checks 
oxutadebico: checks 
*** TURN *** [7c As 5d] [2s]
mabeal1: bets 180
oxutadebico: calls 180
*** RIVER *** [7c As 5d 2s] [Ah]
mabeal1: bets 390 and is all-in
oxutadebico: folds 
Uncalled bet (390) returned to mabeal1
mabeal1 collected 600 from pot
mabeal1: doesn't show hand 
*** SUMMARY ***
Total pot 600 | Rake 0 
Board [7c As 5d 2s Ah]
Seat 2: oxutadebico (button) (small blind) folded on the River
Seat 3: mabeal1 (big blind) collected (600)



PokerStars Hand #259430207342: Tournament #3968410876, €0.46+€0.04 EUR Hold'em No Limit - Level IV (30/60) - 2026/01/23 18:59:37 CET [2026/01/23 12:59:37 ET]
Table '3968410876 1' 3-max Seat #3 is the button
Seat 2: oxutadebico (510 in chips) 
Seat 3: mabeal1 (990 in chips) 
mabeal1: posts small blind 30
oxutadebico: posts big blind 60
*** HOLE CARDS ***
Dealt to mabeal1 [8h Ts]
mabeal1: calls 30
oxutadebico: checks 
*** FLOP *** [6c Ad 9c]
oxutadebico: checks 
mabeal1: bets 60
oxutadebico: folds 
Uncalled bet (60) returned to mabeal1
mabeal1 collected 120 from pot
mabeal1: doesn't show hand 
*** SUMMARY ***
Total pot 120 | Rake 0 
Board [6c Ad 9c]
Seat 2: oxutadebico (big blind) folded on the Flop
Seat 3: mabeal1 (button) (small blind) collected (120)



PokerStars Hand #259430209576: Tournament #3968410876, €0.46+€0.04 EUR Hold'em No Limit - Level IV (30/60) - 2026/01/23 18:59:52 CET [2026/01/23 12:59:52 ET]
Table '3968410876 1' 3-max Seat #2 is the button
Seat 2: oxutadebico (450 in chips) 
Seat 3: mabeal1 (1050 in chips) 
oxutadebico: posts small blind 30
mabeal1: posts big blind 60
*** HOLE CARDS ***
Dealt to mabeal1 [2c 7h]
oxutadebico: raises 60 to 120
mabeal1: folds 
Uncalled bet (60) returned to oxutadebico
oxutadebico collected 120 from pot
oxutadebico: doesn't show hand 
*** SUMMARY ***
Total pot 120 | Rake 0 
Seat 2: oxutadebico (button) (small blind) collected (120)
Seat 3: mabeal1 (big blind) folded before Flop



PokerStars Hand #259430210683: Tournament #3968410876, €0.46+€0.04 EUR Hold'em No Limit - Level IV (30/60) - 2026/01/23 18:59:59 CET [2026/01/23 12:59:59 ET]
Table '3968410876 1' 3-max Seat #3 is the button
Seat 2: oxutadebico (510 in chips) 
Seat 3: mabeal1 (990 in chips) 
mabeal1: posts small blind 30
oxutadebico: posts big blind 60
*** HOLE CARDS ***
Dealt to mabeal1 [4d 2c]
mabeal1: calls 30
oxutadebico: checks 
*** FLOP *** [Ks Kh 5c]
oxutadebico: checks 
mabeal1: bets 60
oxutadebico: raises 120 to 180
mabeal1: folds 
Uncalled bet (120) returned to oxutadebico
oxutadebico collected 240 from pot
oxutadebico: doesn't show hand 
*** SUMMARY ***
Total pot 240 | Rake 0 
Board [Ks Kh 5c]
Seat 2: oxutadebico (big blind) collected (240)
Seat 3: mabeal1 (button) (small blind) folded on the Flop



PokerStars Hand #259430212846: Tournament #3968410876, €0.46+€0.04 EUR Hold'em No Limit - Level IV (30/60) - 2026/01/23 19:00:12 CET [2026/01/23 13:00:12 ET]
Table '3968410876 1' 3-max Seat #2 is the button
Seat 2: oxutadebico (630 in chips) 
Seat 3: mabeal1 (870 in chips) 
oxutadebico: posts small blind 30
mabeal1: posts big blind 60
*** HOLE CARDS ***
Dealt to mabeal1 [7d Kd]
oxutadebico: calls 30
mabeal1: checks 
*** FLOP *** [4s Ts 9s]
mabeal1: checks 
oxutadebico: checks 
*** TURN *** [4s Ts 9s] [6s]
mabeal1: checks 
oxutadebico: bets 60
mabeal1: folds 
Uncalled bet (60) returned to oxutadebico
oxutadebico collected 120 from pot
oxutadebico: doesn't show hand 
*** SUMMARY ***
Total pot 120 | Rake 0 
Board [4s Ts 9s 6s]
Seat 2: oxutadebico (button) (small blind) collected (120)
Seat 3: mabeal1 (big blind) folded on the Turn



PokerStars Hand #259430216408: Tournament #3968410876, €0.46+€0.04 EUR Hold'em No Limit - Level V (40/80) - 2026/01/23 19:00:34 CET [2026/01/23 13:00:34 ET]
Table '3968410876 1' 3-max Seat #3 is the button
Seat 2: oxutadebico (690 in chips) 
Seat 3: mabeal1 (810 in chips) 
mabeal1: posts small blind 40
oxutadebico: posts big blind 80
*** HOLE CARDS ***
Dealt to mabeal1 [7s 9h]
mabeal1: calls 40
oxutadebico: checks 
*** FLOP *** [9c 5d 4c]
oxutadebico: checks 
mabeal1: bets 80
oxutadebico: calls 80
*** TURN *** [9c 5d 4c] [Js]
oxutadebico: checks 
mabeal1: checks 
*** RIVER *** [9c 5d 4c Js] [6d]
oxutadebico: bets 160
mabeal1: calls 160
*** SHOW DOWN ***
oxutadebico: shows [8s 4s] (a pair of Fours)
mabeal1: shows [7s 9h] (a pair of Nines)
mabeal1 collected 640 from pot
*** SUMMARY ***
Total pot 640 | Rake 0 
Board [9c 5d 4c Js 6d]
Seat 2: oxutadebico (big blind) showed [8s 4s] and lost with a pair of Fours
Seat 3: mabeal1 (button) (small blind) showed [7s 9h] and won (640) with a pair of Nines



PokerStars Hand #259430219712: Tournament #3968410876, €0.46+€0.04 EUR Hold'em No Limit - Level V (40/80) - 2026/01/23 19:00:53 CET [2026/01/23 13:00:53 ET]
Table '3968410876 1' 3-max Seat #2 is the button
Seat 2: oxutadebico (370 in chips) 
Seat 3: mabeal1 (1130 in chips) 
oxutadebico: posts small blind 40
mabeal1: posts big blind 80
*** HOLE CARDS ***
Dealt to mabeal1 [Qd 4h]
oxutadebico: raises 80 to 160
mabeal1: folds 
Uncalled bet (80) returned to oxutadebico
oxutadebico collected 160 from pot
oxutadebico: doesn't show hand 
*** SUMMARY ***
Total pot 160 | Rake 0 
Seat 2: oxutadebico (button) (small blind) collected (160)
Seat 3: mabeal1 (big blind) folded before Flop



PokerStars Hand #259430222224: Tournament #3968410876, €0.46+€0.04 EUR Hold'em No Limit - Level V (40/80) - 2026/01/23 19:01:06 CET [2026/01/23 13:01:06 ET]
Table '3968410876 1' 3-max Seat #3 is the button
Seat 2: oxutadebico (450 in chips) 
Seat 3: mabeal1 (1050 in chips) 
mabeal1: posts small blind 40
oxutadebico: posts big blind 80
*** HOLE CARDS ***
Dealt to mabeal1 [9h 4c]
mabeal1: folds 
Uncalled bet (40) returned to oxutadebico
oxutadebico collected 80 from pot
oxutadebico: doesn't show hand 
*** SUMMARY ***
Total pot 80 | Rake 0 
Seat 2: oxutadebico (big blind) collected (80)
Seat 3: mabeal1 (button) (small blind) folded before Flop



PokerStars Hand #259430223493: Tournament #3968410876, €0.46+€0.04 EUR Hold'em No Limit - Level V (40/80) - 2026/01/23 19:01:13 CET [2026/01/23 13:01:13 ET]
Table '3968410876 1' 3-max Seat #2 is the button
Seat 2: oxutadebico (490 in chips) 
Seat 3: mabeal1 (1010 in chips) 
oxutadebico: posts small blind 40
mabeal1: posts big blind 80
*** HOLE CARDS ***
Dealt to mabeal1 [As Jc]
oxutadebico: calls 40
mabeal1: raises 930 to 1010 and is all-in
oxutadebico: calls 410 and is all-in
Uncalled bet (520) returned to mabeal1
*** FLOP *** [7c 6d Jh]
*** TURN *** [7c 6d Jh] [4d]
*** RIVER *** [7c 6d Jh 4d] [8s]
*** SHOW DOWN ***
mabeal1: shows [As Jc] (a pair of Jacks)
oxutadebico: shows [Kc 9d] (high card King)
mabeal1 collected 980 from pot
oxutadebico finished the tournament in 2nd place
mabeal1 wins the tournament and receives €1.00 - congratulations!
*** SUMMARY ***
Total pot 980 | Rake 0 
Board [7c 6d Jh 4d 8s]
Seat 2: oxutadebico (button) (small blind) showed [Kc 9d] and lost with high card King
Seat 3: mabeal1 (big blind) showed [As Jc] and won (980) with a pair of Jacks



