PokerStars Hand #259624021273: Tournament #3972827189, €0.93+€0.07 EUR Hold'em No Limit - Level I (10/20) - 2026/02/07 3:05:02 CET [2026/02/06 21:05:02 ET]
Table '3972827189 1' 3-max Seat #1 is the button
Seat 1: mabeal1 (500 in chips) 
Seat 2: JuliaJaime (500 in chips) 
Seat 3: MocosoPoker (500 in chips) 
JuliaJaime: posts small blind 10
MocosoPoker: posts big blind 20
*** HOLE CARDS ***
Dealt to mabeal1 [Ts 2s]
mabeal1: folds 
JuliaJaime: calls 10
MocosoPoker: raises 20 to 40
JuliaJaime: calls 20
*** FLOP *** [4s 3h 4d]
JuliaJaime: checks 
MocosoPoker: checks 
*** TURN *** [4s 3h 4d] [As]
JuliaJaime: checks 
MocosoPoker: checks 
*** RIVER *** [4s 3h 4d As] [Ac]
JuliaJaime: checks 
MocosoPoker: checks 
*** SHOW DOWN ***
JuliaJaime: shows [3d Jc] (two pair, Aces and Fours)
MocosoPoker: shows [9c Kh] (two pair, Aces and Fours - King kicker)
MocosoPoker collected 80 from pot
*** SUMMARY ***
Total pot 80 | Rake 0 
Board [4s 3h 4d As Ac]
Seat 1: mabeal1 (button) folded before Flop (didn't bet)
Seat 2: JuliaJaime (small blind) showed [3d Jc] and lost with two pair, Aces and Fours
Seat 3: MocosoPoker (big blind) showed [9c Kh] and won (80) with two pair, Aces and Fours



PokerStars Hand #259624027215: Tournament #3972827189, €0.93+€0.07 EUR Hold'em No Limit - Level I (10/20) - 2026/02/07 3:05:40 CET [2026/02/06 21:05:40 ET]
Table '3972827189 1' 3-max Seat #2 is the button
Seat 1: mabeal1 (500 in chips) 
Seat 2: JuliaJaime (460 in chips) 
Seat 3: MocosoPoker (540 in chips) 
MocosoPoker: posts small blind 10
mabeal1: posts big blind 20
*** HOLE CARDS ***
Dealt to mabeal1 [Qh 2s]
JuliaJaime: folds 
MocosoPoker: raises 20 to 40
mabeal1: folds 
Uncalled bet (20) returned to MocosoPoker
MocosoPoker collected 40 from pot
MocosoPoker: doesn't show hand 
*** SUMMARY ***
Total pot 40 | Rake 0 
Seat 1: mabeal1 (big blind) folded before Flop
Seat 2: JuliaJaime (button) folded before Flop (didn't bet)
Seat 3: MocosoPoker (small blind) collected (40)



PokerStars Hand #259624029221: Tournament #3972827189, €0.93+€0.07 EUR Hold'em No Limit - Level I (10/20) - 2026/02/07 3:05:53 CET [2026/02/06 21:05:53 ET]
Table '3972827189 1' 3-max Seat #3 is the button
Seat 1: mabeal1 (480 in chips) 
Seat 2: JuliaJaime (460 in chips) 
Seat 3: MocosoPoker (560 in chips) 
mabeal1: posts small blind 10
JuliaJaime: posts big blind 20
*** HOLE CARDS ***
Dealt to mabeal1 [3h 9c]
MocosoPoker: raises 20 to 40
mabeal1: folds 
JuliaJaime: calls 20
*** FLOP *** [2s 7c 8s]
JuliaJaime: checks 
MocosoPoker: checks 
*** TURN *** [2s 7c 8s] [Jc]
JuliaJaime: checks 
MocosoPoker: checks 
*** RIVER *** [2s 7c 8s Jc] [7d]
JuliaJaime: checks 
MocosoPoker: checks 
*** SHOW DOWN ***
JuliaJaime: shows [3c 6c] (a pair of Sevens)
MocosoPoker: shows [Td Qd] (a pair of Sevens - Queen kicker)
MocosoPoker collected 90 from pot
*** SUMMARY ***
Total pot 90 | Rake 0 
Board [2s 7c 8s Jc 7d]
Seat 1: mabeal1 (small blind) folded before Flop
Seat 2: JuliaJaime (big blind) showed [3c 6c] and lost with a pair of Sevens
Seat 3: MocosoPoker (button) showed [Td Qd] and won (90) with a pair of Sevens



PokerStars Hand #259624034774: Tournament #3972827189, €0.93+€0.07 EUR Hold'em No Limit - Level I (10/20) - 2026/02/07 3:06:28 CET [2026/02/06 21:06:28 ET]
Table '3972827189 1' 3-max Seat #1 is the button
Seat 1: mabeal1 (470 in chips) 
Seat 2: JuliaJaime (420 in chips) 
Seat 3: MocosoPoker (610 in chips) 
JuliaJaime: posts small blind 10
MocosoPoker: posts big blind 20
*** HOLE CARDS ***
Dealt to mabeal1 [Jc 5s]
mabeal1: folds 
JuliaJaime: calls 10
MocosoPoker: checks 
*** FLOP *** [8c 5c Jh]
JuliaJaime: checks 
MocosoPoker: checks 
*** TURN *** [8c 5c Jh] [9c]
JuliaJaime: checks 
MocosoPoker: checks 
*** RIVER *** [8c 5c Jh 9c] [8h]
JuliaJaime: checks 
MocosoPoker: checks 
*** SHOW DOWN ***
JuliaJaime: shows [7c 5h] (two pair, Eights and Fives)
MocosoPoker: mucks hand 
JuliaJaime collected 40 from pot
*** SUMMARY ***
Total pot 40 | Rake 0 
Board [8c 5c Jh 9c 8h]
Seat 1: mabeal1 (button) folded before Flop (didn't bet)
Seat 2: JuliaJaime (small blind) showed [7c 5h] and won (40) with two pair, Eights and Fives
Seat 3: MocosoPoker (big blind) mucked [7s 4h]



PokerStars Hand #259624041442: Tournament #3972827189, €0.93+€0.07 EUR Hold'em No Limit - Level II (15/30) - 2026/02/07 3:07:12 CET [2026/02/06 21:07:12 ET]
Table '3972827189 1' 3-max Seat #2 is the button
Seat 1: mabeal1 (470 in chips) 
Seat 2: JuliaJaime (440 in chips) 
Seat 3: MocosoPoker (590 in chips) 
MocosoPoker: posts small blind 15
mabeal1: posts big blind 30
*** HOLE CARDS ***
Dealt to mabeal1 [4s 6d]
JuliaJaime: calls 30
MocosoPoker: folds 
mabeal1: checks 
*** FLOP *** [2c 6h Kd]
mabeal1: checks 
JuliaJaime: checks 
*** TURN *** [2c 6h Kd] [8s]
mabeal1: checks 
JuliaJaime: checks 
*** RIVER *** [2c 6h Kd 8s] [Kh]
mabeal1: bets 60
JuliaJaime: folds 
Uncalled bet (60) returned to mabeal1
mabeal1 collected 75 from pot
mabeal1: doesn't show hand 
*** SUMMARY ***
Total pot 75 | Rake 0 
Board [2c 6h Kd 8s Kh]
Seat 1: mabeal1 (big blind) collected (75)
Seat 2: JuliaJaime (button) folded on the River
Seat 3: MocosoPoker (small blind) folded before Flop



PokerStars Hand #259624046887: Tournament #3972827189, €0.93+€0.07 EUR Hold'em No Limit - Level II (15/30) - 2026/02/07 3:07:47 CET [2026/02/06 21:07:47 ET]
Table '3972827189 1' 3-max Seat #3 is the button
Seat 1: mabeal1 (515 in chips) 
Seat 2: JuliaJaime (410 in chips) 
Seat 3: MocosoPoker (575 in chips) 
mabeal1: posts small blind 15
JuliaJaime: posts big blind 30
*** HOLE CARDS ***
Dealt to mabeal1 [Th Jd]
MocosoPoker: folds 
mabeal1: raises 45 to 75
JuliaJaime: folds 
Uncalled bet (45) returned to mabeal1
mabeal1 collected 60 from pot
mabeal1: doesn't show hand 
*** SUMMARY ***
Total pot 60 | Rake 0 
Seat 1: mabeal1 (small blind) collected (60)
Seat 2: JuliaJaime (big blind) folded before Flop
Seat 3: MocosoPoker (button) folded before Flop (didn't bet)



PokerStars Hand #259624048723: Tournament #3972827189, €0.93+€0.07 EUR Hold'em No Limit - Level II (15/30) - 2026/02/07 3:07:59 CET [2026/02/06 21:07:59 ET]
Table '3972827189 1' 3-max Seat #1 is the button
Seat 1: mabeal1 (545 in chips) 
Seat 2: JuliaJaime (380 in chips) 
Seat 3: MocosoPoker (575 in chips) 
JuliaJaime: posts small blind 15
MocosoPoker: posts big blind 30
*** HOLE CARDS ***
Dealt to mabeal1 [6c Th]
mabeal1: folds 
JuliaJaime: calls 15
MocosoPoker: raises 545 to 575 and is all-in
JuliaJaime: calls 350 and is all-in
Uncalled bet (195) returned to MocosoPoker
*** FLOP *** [4d Ks 2h]
*** TURN *** [4d Ks 2h] [7d]
*** RIVER *** [4d Ks 2h 7d] [7c]
*** SHOW DOWN ***
JuliaJaime: shows [Ts Kd] (two pair, Kings and Sevens)
MocosoPoker: shows [As 5d] (a pair of Sevens)
JuliaJaime collected 760 from pot
*** SUMMARY ***
Total pot 760 | Rake 0 
Board [4d Ks 2h 7d 7c]
Seat 1: mabeal1 (button) folded before Flop (didn't bet)
Seat 2: JuliaJaime (small blind) showed [Ts Kd] and won (760) with two pair, Kings and Sevens
Seat 3: MocosoPoker (big blind) showed [As 5d] and lost with a pair of Sevens



PokerStars Hand #259624052467: Tournament #3972827189, €0.93+€0.07 EUR Hold'em No Limit - Level II (15/30) - 2026/02/07 3:08:23 CET [2026/02/06 21:08:23 ET]
Table '3972827189 1' 3-max Seat #2 is the button
Seat 1: mabeal1 (545 in chips) 
Seat 2: JuliaJaime (760 in chips) 
Seat 3: MocosoPoker (195 in chips) 
MocosoPoker: posts small blind 15
mabeal1: posts big blind 30
*** HOLE CARDS ***
Dealt to mabeal1 [6c 7c]
JuliaJaime: folds 
MocosoPoker: folds 
Uncalled bet (15) returned to mabeal1
mabeal1 collected 30 from pot
mabeal1: doesn't show hand 
*** SUMMARY ***
Total pot 30 | Rake 0 
Seat 1: mabeal1 (big blind) collected (30)
Seat 2: JuliaJaime (button) folded before Flop (didn't bet)
Seat 3: MocosoPoker (small blind) folded before Flop



PokerStars Hand #259624054045: Tournament #3972827189, €0.93+€0.07 EUR Hold'em No Limit - Level II (15/30) - 2026/02/07 3:08:33 CET [2026/02/06 21:08:33 ET]
Table '3972827189 1' 3-max Seat #3 is the button
Seat 1: mabeal1 (560 in chips) 
Seat 2: JuliaJaime (760 in chips) 
Seat 3: MocosoPoker (180 in chips) 
mabeal1: posts small blind 15
JuliaJaime: posts big blind 30
*** HOLE CARDS ***
Dealt to mabeal1 [Jc Ac]
MocosoPoker: folds 
mabeal1: raises 530 to 560 and is all-in
JuliaJaime: folds 
Uncalled bet (530) returned to mabeal1
mabeal1 collected 60 from pot
mabeal1: doesn't show hand 
*** SUMMARY ***
Total pot 60 | Rake 0 
Seat 1: mabeal1 (small blind) collected (60)
Seat 2: JuliaJaime (big blind) folded before Flop
Seat 3: MocosoPoker (button) folded before Flop (didn't bet)



PokerStars Hand #259624056410: Tournament #3972827189, €0.93+€0.07 EUR Hold'em No Limit - Level II (15/30) - 2026/02/07 3:08:49 CET [2026/02/06 21:08:49 ET]
Table '3972827189 1' 3-max Seat #1 is the button
Seat 1: mabeal1 (590 in chips) 
Seat 2: JuliaJaime (730 in chips) 
Seat 3: MocosoPoker (180 in chips) 
JuliaJaime: posts small blind 15
MocosoPoker: posts big blind 30
*** HOLE CARDS ***
Dealt to mabeal1 [5c Qc]
mabeal1: folds 
JuliaJaime: calls 15
MocosoPoker: checks 
*** FLOP *** [Kh 4s Jh]
JuliaJaime: bets 30
MocosoPoker: folds 
Uncalled bet (30) returned to JuliaJaime
JuliaJaime collected 60 from pot
JuliaJaime: doesn't show hand 
*** SUMMARY ***
Total pot 60 | Rake 0 
Board [Kh 4s Jh]
Seat 1: mabeal1 (button) folded before Flop (didn't bet)
Seat 2: JuliaJaime (small blind) collected (60)
Seat 3: MocosoPoker (big blind) folded on the Flop



PokerStars Hand #259624061173: Tournament #3972827189, €0.93+€0.07 EUR Hold'em No Limit - Level III (20/40) - 2026/02/07 3:09:20 CET [2026/02/06 21:09:20 ET]
Table '3972827189 1' 3-max Seat #2 is the button
Seat 1: mabeal1 (590 in chips) 
Seat 2: JuliaJaime (760 in chips) 
Seat 3: MocosoPoker (150 in chips) 
MocosoPoker: posts small blind 20
mabeal1: posts big blind 40
*** HOLE CARDS ***
Dealt to mabeal1 [Ac 7d]
JuliaJaime: calls 40
MocosoPoker: folds 
mabeal1: raises 40 to 80
JuliaJaime: calls 40
*** FLOP *** [Kd Th 7h]
mabeal1: bets 90
JuliaJaime: calls 90
*** TURN *** [Kd Th 7h] [Jc]
mabeal1: checks 
JuliaJaime: bets 40
mabeal1: calls 40
*** RIVER *** [Kd Th 7h Jc] [5d]
mabeal1: checks 
JuliaJaime: bets 40
mabeal1: calls 40
*** SHOW DOWN ***
JuliaJaime: shows [6s Qs] (high card King)
mabeal1: shows [Ac 7d] (a pair of Sevens)
mabeal1 collected 520 from pot
*** SUMMARY ***
Total pot 520 | Rake 0 
Board [Kd Th 7h Jc 5d]
Seat 1: mabeal1 (big blind) showed [Ac 7d] and won (520) with a pair of Sevens
Seat 2: JuliaJaime (button) showed [6s Qs] and lost with high card King
Seat 3: MocosoPoker (small blind) folded before Flop



PokerStars Hand #259624066838: Tournament #3972827189, €0.93+€0.07 EUR Hold'em No Limit - Level III (20/40) - 2026/02/07 3:09:58 CET [2026/02/06 21:09:58 ET]
Table '3972827189 1' 3-max Seat #3 is the button
Seat 1: mabeal1 (860 in chips) 
Seat 2: JuliaJaime (510 in chips) 
Seat 3: MocosoPoker (130 in chips) 
mabeal1: posts small blind 20
JuliaJaime: posts big blind 40
*** HOLE CARDS ***
Dealt to mabeal1 [Ac Th]
MocosoPoker: raises 90 to 130 and is all-in
mabeal1: raises 730 to 860 and is all-in
JuliaJaime: folds 
Uncalled bet (730) returned to mabeal1
*** FLOP *** [8d Qh Js]
*** TURN *** [8d Qh Js] [2s]
*** RIVER *** [8d Qh Js 2s] [5d]
*** SHOW DOWN ***
mabeal1: shows [Ac Th] (high card Ace)
MocosoPoker: shows [9s Kd] (high card King)
mabeal1 collected 300 from pot
MocosoPoker finished the tournament in 3rd place
*** SUMMARY ***
Total pot 300 | Rake 0 
Board [8d Qh Js 2s 5d]
Seat 1: mabeal1 (small blind) showed [Ac Th] and won (300) with high card Ace
Seat 2: JuliaJaime (big blind) folded before Flop
Seat 3: MocosoPoker (button) showed [9s Kd] and lost with high card King



PokerStars Hand #259624069694: Tournament #3972827189, €0.93+€0.07 EUR Hold'em No Limit - Level III (20/40) - 2026/02/07 3:10:16 CET [2026/02/06 21:10:16 ET]
Table '3972827189 1' 3-max Seat #2 is the button
Seat 1: mabeal1 (1030 in chips) 
Seat 2: JuliaJaime (470 in chips) 
JuliaJaime: posts small blind 20
mabeal1: posts big blind 40
*** HOLE CARDS ***
Dealt to mabeal1 [Jc Th]
JuliaJaime: folds 
Uncalled bet (20) returned to mabeal1
mabeal1 collected 40 from pot
mabeal1: doesn't show hand 
*** SUMMARY ***
Total pot 40 | Rake 0 
Seat 1: mabeal1 (big blind) collected (40)
Seat 2: JuliaJaime (button) (small blind) folded before Flop



PokerStars Hand #259624070378: Tournament #3972827189, €0.93+€0.07 EUR Hold'em No Limit - Level III (20/40) - 2026/02/07 3:10:21 CET [2026/02/06 21:10:21 ET]
Table '3972827189 1' 3-max Seat #1 is the button
Seat 1: mabeal1 (1050 in chips) 
Seat 2: JuliaJaime (450 in chips) 
mabeal1: posts small blind 20
JuliaJaime: posts big blind 40
*** HOLE CARDS ***
Dealt to mabeal1 [3c 4d]
mabeal1: calls 20
JuliaJaime: checks 
*** FLOP *** [5c 8s 8d]
JuliaJaime: checks 
mabeal1: bets 40
JuliaJaime: calls 40
*** TURN *** [5c 8s 8d] [9d]
JuliaJaime: checks 
mabeal1: checks 
*** RIVER *** [5c 8s 8d 9d] [2s]
JuliaJaime: checks 
mabeal1: bets 120
JuliaJaime: folds 
Uncalled bet (120) returned to mabeal1
mabeal1 collected 160 from pot
mabeal1: doesn't show hand 
*** SUMMARY ***
Total pot 160 | Rake 0 
Board [5c 8s 8d 9d 2s]
Seat 1: mabeal1 (button) (small blind) collected (160)
Seat 2: JuliaJaime (big blind) folded on the River



PokerStars Hand #259624073819: Tournament #3972827189, €0.93+€0.07 EUR Hold'em No Limit - Level III (20/40) - 2026/02/07 3:10:44 CET [2026/02/06 21:10:44 ET]
Table '3972827189 1' 3-max Seat #2 is the button
Seat 1: mabeal1 (1130 in chips) 
Seat 2: JuliaJaime (370 in chips) 
JuliaJaime: posts small blind 20
mabeal1: posts big blind 40
*** HOLE CARDS ***
Dealt to mabeal1 [Js Jd]
JuliaJaime: folds 
Uncalled bet (20) returned to mabeal1
mabeal1 collected 40 from pot
mabeal1: doesn't show hand 
*** SUMMARY ***
Total pot 40 | Rake 0 
Seat 1: mabeal1 (big blind) collected (40)
Seat 2: JuliaJaime (button) (small blind) folded before Flop



PokerStars Hand #259624074581: Tournament #3972827189, €0.93+€0.07 EUR Hold'em No Limit - Level III (20/40) - 2026/02/07 3:10:49 CET [2026/02/06 21:10:49 ET]
Table '3972827189 1' 3-max Seat #1 is the button
Seat 1: mabeal1 (1150 in chips) 
Seat 2: JuliaJaime (350 in chips) 
mabeal1: posts small blind 20
JuliaJaime: posts big blind 40
*** HOLE CARDS ***
Dealt to mabeal1 [9c 5c]
mabeal1: calls 20
JuliaJaime: checks 
*** FLOP *** [4s 9h Ah]
JuliaJaime: checks 
mabeal1: bets 40
JuliaJaime: folds 
Uncalled bet (40) returned to mabeal1
mabeal1 collected 80 from pot
mabeal1: doesn't show hand 
*** SUMMARY ***
Total pot 80 | Rake 0 
Board [4s 9h Ah]
Seat 1: mabeal1 (button) (small blind) collected (80)
Seat 2: JuliaJaime (big blind) folded on the Flop



PokerStars Hand #259624076014: Tournament #3972827189, €0.93+€0.07 EUR Hold'em No Limit - Level III (20/40) - 2026/02/07 3:10:58 CET [2026/02/06 21:10:58 ET]
Table '3972827189 1' 3-max Seat #2 is the button
Seat 1: mabeal1 (1190 in chips) 
Seat 2: JuliaJaime (310 in chips) 
JuliaJaime: posts small blind 20
mabeal1: posts big blind 40
*** HOLE CARDS ***
Dealt to mabeal1 [Jc Kh]
JuliaJaime: calls 20
mabeal1: raises 1150 to 1190 and is all-in
JuliaJaime: folds 
Uncalled bet (1150) returned to mabeal1
mabeal1 collected 80 from pot
mabeal1: doesn't show hand 
*** SUMMARY ***
Total pot 80 | Rake 0 
Seat 1: mabeal1 (big blind) collected (80)
Seat 2: JuliaJaime (button) (small blind) folded before Flop



PokerStars Hand #259624077623: Tournament #3972827189, €0.93+€0.07 EUR Hold'em No Limit - Level IV (30/60) - 2026/02/07 3:11:09 CET [2026/02/06 21:11:09 ET]
Table '3972827189 1' 3-max Seat #1 is the button
Seat 1: mabeal1 (1230 in chips) 
Seat 2: JuliaJaime (270 in chips) 
mabeal1: posts small blind 30
JuliaJaime: posts big blind 60
*** HOLE CARDS ***
Dealt to mabeal1 [5d Ks]
mabeal1: raises 1170 to 1230 and is all-in
JuliaJaime: folds 
Uncalled bet (1170) returned to mabeal1
mabeal1 collected 120 from pot
mabeal1: doesn't show hand 
*** SUMMARY ***
Total pot 120 | Rake 0 
Seat 1: mabeal1 (button) (small blind) collected (120)
Seat 2: JuliaJaime (big blind) folded before Flop



PokerStars Hand #259624078875: Tournament #3972827189, €0.93+€0.07 EUR Hold'em No Limit - Level IV (30/60) - 2026/02/07 3:11:17 CET [2026/02/06 21:11:17 ET]
Table '3972827189 1' 3-max Seat #2 is the button
Seat 1: mabeal1 (1290 in chips) 
Seat 2: JuliaJaime (210 in chips) 
JuliaJaime: posts small blind 30
mabeal1: posts big blind 60
*** HOLE CARDS ***
Dealt to mabeal1 [Ah Ac]
JuliaJaime: folds 
Uncalled bet (30) returned to mabeal1
mabeal1 collected 60 from pot
mabeal1: doesn't show hand 
*** SUMMARY ***
Total pot 60 | Rake 0 
Seat 1: mabeal1 (big blind) collected (60)
Seat 2: JuliaJaime (button) (small blind) folded before Flop



PokerStars Hand #259624079962: Tournament #3972827189, €0.93+€0.07 EUR Hold'em No Limit - Level IV (30/60) - 2026/02/07 3:11:24 CET [2026/02/06 21:11:24 ET]
Table '3972827189 1' 3-max Seat #1 is the button
Seat 1: mabeal1 (1320 in chips) 
Seat 2: JuliaJaime (180 in chips) 
mabeal1: posts small blind 30
JuliaJaime: posts big blind 60
*** HOLE CARDS ***
Dealt to mabeal1 [2s 9h]
mabeal1: folds 
Uncalled bet (30) returned to JuliaJaime
JuliaJaime collected 60 from pot
JuliaJaime: doesn't show hand 
*** SUMMARY ***
Total pot 60 | Rake 0 
Seat 1: mabeal1 (button) (small blind) folded before Flop
Seat 2: JuliaJaime (big blind) collected (60)



PokerStars Hand #259624081013: Tournament #3972827189, €0.93+€0.07 EUR Hold'em No Limit - Level IV (30/60) - 2026/02/07 3:11:31 CET [2026/02/06 21:11:31 ET]
Table '3972827189 1' 3-max Seat #2 is the button
Seat 1: mabeal1 (1290 in chips) 
Seat 2: JuliaJaime (210 in chips) 
JuliaJaime: posts small blind 30
mabeal1: posts big blind 60
*** HOLE CARDS ***
Dealt to mabeal1 [3d 5d]
JuliaJaime: calls 30
mabeal1: checks 
*** FLOP *** [Ac 9s Th]
mabeal1: checks 
JuliaJaime: checks 
*** TURN *** [Ac 9s Th] [7c]
mabeal1: checks 
JuliaJaime: checks 
*** RIVER *** [Ac 9s Th 7c] [Tc]
mabeal1: checks 
JuliaJaime: checks 
*** SHOW DOWN ***
mabeal1: shows [3d 5d] (a pair of Tens)
JuliaJaime: shows [Qs 2s] (a pair of Tens - Ace+Queen kicker)
JuliaJaime collected 120 from pot
*** SUMMARY ***
Total pot 120 | Rake 0 
Board [Ac 9s Th 7c Tc]
Seat 1: mabeal1 (big blind) showed [3d 5d] and lost with a pair of Tens
Seat 2: JuliaJaime (button) (small blind) showed [Qs 2s] and won (120) with a pair of Tens



PokerStars Hand #259624083385: Tournament #3972827189, €0.93+€0.07 EUR Hold'em No Limit - Level IV (30/60) - 2026/02/07 3:11:47 CET [2026/02/06 21:11:47 ET]
Table '3972827189 1' 3-max Seat #1 is the button
Seat 1: mabeal1 (1230 in chips) 
Seat 2: JuliaJaime (270 in chips) 
mabeal1: posts small blind 30
JuliaJaime: posts big blind 60
*** HOLE CARDS ***
Dealt to mabeal1 [Jc 2c]
mabeal1: raises 1170 to 1230 and is all-in
JuliaJaime: folds 
Uncalled bet (1170) returned to mabeal1
mabeal1 collected 120 from pot
mabeal1: doesn't show hand 
*** SUMMARY ***
Total pot 120 | Rake 0 
Seat 1: mabeal1 (button) (small blind) collected (120)
Seat 2: JuliaJaime (big blind) folded before Flop



PokerStars Hand #259624084674: Tournament #3972827189, €0.93+€0.07 EUR Hold'em No Limit - Level IV (30/60) - 2026/02/07 3:11:56 CET [2026/02/06 21:11:56 ET]
Table '3972827189 1' 3-max Seat #2 is the button
Seat 1: mabeal1 (1290 in chips) 
Seat 2: JuliaJaime (210 in chips) 
JuliaJaime: posts small blind 30
mabeal1: posts big blind 60
*** HOLE CARDS ***
Dealt to mabeal1 [Qc 2d]
JuliaJaime: calls 30
mabeal1: checks 
*** FLOP *** [6h 8c Qd]
mabeal1: checks 
JuliaJaime: checks 
*** TURN *** [6h 8c Qd] [8s]
mabeal1: bets 60
JuliaJaime: calls 60
*** RIVER *** [6h 8c Qd 8s] [Kh]
mabeal1: bets 1170 and is all-in
JuliaJaime: calls 90 and is all-in
Uncalled bet (1080) returned to mabeal1
*** SHOW DOWN ***
mabeal1: shows [Qc 2d] (two pair, Queens and Eights)
JuliaJaime: shows [Kd 8h] (a full house, Eights full of Kings)
JuliaJaime collected 420 from pot
*** SUMMARY ***
Total pot 420 | Rake 0 
Board [6h 8c Qd 8s Kh]
Seat 1: mabeal1 (big blind) showed [Qc 2d] and lost with two pair, Queens and Eights
Seat 2: JuliaJaime (button) (small blind) showed [Kd 8h] and won (420) with a full house, Eights full of Kings



PokerStars Hand #259624087041: Tournament #3972827189, €0.93+€0.07 EUR Hold'em No Limit - Level IV (30/60) - 2026/02/07 3:12:12 CET [2026/02/06 21:12:12 ET]
Table '3972827189 1' 3-max Seat #1 is the button
Seat 1: mabeal1 (1080 in chips) 
Seat 2: JuliaJaime (420 in chips) 
mabeal1: posts small blind 30
JuliaJaime: posts big blind 60
*** HOLE CARDS ***
Dealt to mabeal1 [3h 9h]
mabeal1: calls 30
JuliaJaime: checks 
*** FLOP *** [3s 3c 6c]
JuliaJaime: checks 
mabeal1: bets 60
JuliaJaime: folds 
Uncalled bet (60) returned to mabeal1
mabeal1 collected 120 from pot
mabeal1: doesn't show hand 
*** SUMMARY ***
Total pot 120 | Rake 0 
Board [3s 3c 6c]
Seat 1: mabeal1 (button) (small blind) collected (120)
Seat 2: JuliaJaime (big blind) folded on the Flop



PokerStars Hand #259624089265: Tournament #3972827189, €0.93+€0.07 EUR Hold'em No Limit - Level IV (30/60) - 2026/02/07 3:12:26 CET [2026/02/06 21:12:26 ET]
Table '3972827189 1' 3-max Seat #2 is the button
Seat 1: mabeal1 (1140 in chips) 
Seat 2: JuliaJaime (360 in chips) 
JuliaJaime: posts small blind 30
mabeal1: posts big blind 60
*** HOLE CARDS ***
Dealt to mabeal1 [2c Ts]
JuliaJaime: calls 30
mabeal1: checks 
*** FLOP *** [3c 8h 7d]
mabeal1: checks 
JuliaJaime: checks 
*** TURN *** [3c 8h 7d] [9h]
mabeal1: bets 60
JuliaJaime: calls 60
*** RIVER *** [3c 8h 7d 9h] [9d]
mabeal1: checks 
JuliaJaime: bets 60
mabeal1: folds 
Uncalled bet (60) returned to JuliaJaime
JuliaJaime collected 240 from pot
JuliaJaime: doesn't show hand 
*** SUMMARY ***
Total pot 240 | Rake 0 
Board [3c 8h 7d 9h 9d]
Seat 1: mabeal1 (big blind) folded on the River
Seat 2: JuliaJaime (button) (small blind) collected (240)



PokerStars Hand #259624091810: Tournament #3972827189, €0.93+€0.07 EUR Hold'em No Limit - Level IV (30/60) - 2026/02/07 3:12:43 CET [2026/02/06 21:12:43 ET]
Table '3972827189 1' 3-max Seat #1 is the button
Seat 1: mabeal1 (1020 in chips) 
Seat 2: JuliaJaime (480 in chips) 
mabeal1: posts small blind 30
JuliaJaime: posts big blind 60
*** HOLE CARDS ***
Dealt to mabeal1 [Tc Ac]
mabeal1: raises 60 to 120
JuliaJaime: calls 60
*** FLOP *** [3d 8h 5d]
JuliaJaime: checks 
mabeal1: bets 900 and is all-in
JuliaJaime: folds 
Uncalled bet (900) returned to mabeal1
mabeal1 collected 240 from pot
mabeal1: doesn't show hand 
*** SUMMARY ***
Total pot 240 | Rake 0 
Board [3d 8h 5d]
Seat 1: mabeal1 (button) (small blind) collected (240)
Seat 2: JuliaJaime (big blind) folded on the Flop



PokerStars Hand #259624093939: Tournament #3972827189, €0.93+€0.07 EUR Hold'em No Limit - Level IV (30/60) - 2026/02/07 3:12:57 CET [2026/02/06 21:12:57 ET]
Table '3972827189 1' 3-max Seat #2 is the button
Seat 1: mabeal1 (1140 in chips) 
Seat 2: JuliaJaime (360 in chips) 
JuliaJaime: posts small blind 30
mabeal1: posts big blind 60
*** HOLE CARDS ***
Dealt to mabeal1 [4h Qc]
JuliaJaime: folds 
Uncalled bet (30) returned to mabeal1
mabeal1 collected 60 from pot
mabeal1: doesn't show hand 
*** SUMMARY ***
Total pot 60 | Rake 0 
Seat 1: mabeal1 (big blind) collected (60)
Seat 2: JuliaJaime (button) (small blind) folded before Flop



PokerStars Hand #259624094743: Tournament #3972827189, €0.93+€0.07 EUR Hold'em No Limit - Level IV (30/60) - 2026/02/07 3:13:03 CET [2026/02/06 21:13:03 ET]
Table '3972827189 1' 3-max Seat #1 is the button
Seat 1: mabeal1 (1170 in chips) 
Seat 2: JuliaJaime (330 in chips) 
mabeal1: posts small blind 30
JuliaJaime: posts big blind 60
*** HOLE CARDS ***
Dealt to mabeal1 [7d Kd]
mabeal1: raises 1110 to 1170 and is all-in
JuliaJaime: folds 
Uncalled bet (1110) returned to mabeal1
mabeal1 collected 120 from pot
mabeal1: doesn't show hand 
*** SUMMARY ***
Total pot 120 | Rake 0 
Seat 1: mabeal1 (button) (small blind) collected (120)
Seat 2: JuliaJaime (big blind) folded before Flop



PokerStars Hand #259624096140: Tournament #3972827189, €0.93+€0.07 EUR Hold'em No Limit - Level V (40/80) - 2026/02/07 3:13:12 CET [2026/02/06 21:13:12 ET]
Table '3972827189 1' 3-max Seat #2 is the button
Seat 1: mabeal1 (1230 in chips) 
Seat 2: JuliaJaime (270 in chips) 
JuliaJaime: posts small blind 40
mabeal1: posts big blind 80
*** HOLE CARDS ***
Dealt to mabeal1 [Ad Th]
JuliaJaime: folds 
Uncalled bet (40) returned to mabeal1
mabeal1 collected 80 from pot
mabeal1: doesn't show hand 
*** SUMMARY ***
Total pot 80 | Rake 0 
Seat 1: mabeal1 (big blind) collected (80)
Seat 2: JuliaJaime (button) (small blind) folded before Flop



PokerStars Hand #259624096890: Tournament #3972827189, €0.93+€0.07 EUR Hold'em No Limit - Level V (40/80) - 2026/02/07 3:13:17 CET [2026/02/06 21:13:17 ET]
Table '3972827189 1' 3-max Seat #1 is the button
Seat 1: mabeal1 (1270 in chips) 
Seat 2: JuliaJaime (230 in chips) 
mabeal1: posts small blind 40
JuliaJaime: posts big blind 80
*** HOLE CARDS ***
Dealt to mabeal1 [Ac Kd]
mabeal1: raises 80 to 160
JuliaJaime: folds 
Uncalled bet (80) returned to mabeal1
mabeal1 collected 160 from pot
mabeal1: doesn't show hand 
*** SUMMARY ***
Total pot 160 | Rake 0 
Seat 1: mabeal1 (button) (small blind) collected (160)
Seat 2: JuliaJaime (big blind) folded before Flop



PokerStars Hand #259624097954: Tournament #3972827189, €0.93+€0.07 EUR Hold'em No Limit - Level V (40/80) - 2026/02/07 3:13:24 CET [2026/02/06 21:13:24 ET]
Table '3972827189 1' 3-max Seat #2 is the button
Seat 1: mabeal1 (1350 in chips) 
Seat 2: JuliaJaime (150 in chips) 
JuliaJaime: posts small blind 40
mabeal1: posts big blind 80
*** HOLE CARDS ***
Dealt to mabeal1 [3s Kc]
JuliaJaime: calls 40
mabeal1: raises 160 to 240
JuliaJaime: calls 70 and is all-in
Uncalled bet (90) returned to mabeal1
*** FLOP *** [Jc 4c Tc]
*** TURN *** [Jc 4c Tc] [3d]
*** RIVER *** [Jc 4c Tc 3d] [5d]
*** SHOW DOWN ***
mabeal1: shows [3s Kc] (a pair of Threes)
JuliaJaime: shows [Td 2d] (a pair of Tens)
JuliaJaime collected 300 from pot
*** SUMMARY ***
Total pot 300 | Rake 0 
Board [Jc 4c Tc 3d 5d]
Seat 1: mabeal1 (big blind) showed [3s Kc] and lost with a pair of Threes
Seat 2: JuliaJaime (button) (small blind) showed [Td 2d] and won (300) with a pair of Tens



PokerStars Hand #259624100356: Tournament #3972827189, €0.93+€0.07 EUR Hold'em No Limit - Level V (40/80) - 2026/02/07 3:13:40 CET [2026/02/06 21:13:40 ET]
Table '3972827189 1' 3-max Seat #1 is the button
Seat 1: mabeal1 (1200 in chips) 
Seat 2: JuliaJaime (300 in chips) 
mabeal1: posts small blind 40
JuliaJaime: posts big blind 80
*** HOLE CARDS ***
Dealt to mabeal1 [Ts Ks]
mabeal1: raises 1120 to 1200 and is all-in
JuliaJaime: folds 
Uncalled bet (1120) returned to mabeal1
mabeal1 collected 160 from pot
mabeal1: doesn't show hand 
*** SUMMARY ***
Total pot 160 | Rake 0 
Seat 1: mabeal1 (button) (small blind) collected (160)
Seat 2: JuliaJaime (big blind) folded before Flop



PokerStars Hand #259624101473: Tournament #3972827189, €0.93+€0.07 EUR Hold'em No Limit - Level V (40/80) - 2026/02/07 3:13:48 CET [2026/02/06 21:13:48 ET]
Table '3972827189 1' 3-max Seat #2 is the button
Seat 1: mabeal1 (1280 in chips) 
Seat 2: JuliaJaime (220 in chips) 
JuliaJaime: posts small blind 40
mabeal1: posts big blind 80
*** HOLE CARDS ***
Dealt to mabeal1 [6h Ts]
JuliaJaime: calls 40
mabeal1: checks 
*** FLOP *** [Qh Js 7d]
mabeal1: checks 
JuliaJaime: checks 
*** TURN *** [Qh Js 7d] [Qc]
mabeal1: checks 
JuliaJaime: checks 
*** RIVER *** [Qh Js 7d Qc] [Kd]
mabeal1: checks 
JuliaJaime: bets 80
mabeal1: folds 
Uncalled bet (80) returned to JuliaJaime
JuliaJaime collected 160 from pot
JuliaJaime: doesn't show hand 
*** SUMMARY ***
Total pot 160 | Rake 0 
Board [Qh Js 7d Qc Kd]
Seat 1: mabeal1 (big blind) folded on the River
Seat 2: JuliaJaime (button) (small blind) collected (160)



PokerStars Hand #259624104870: Tournament #3972827189, €0.93+€0.07 EUR Hold'em No Limit - Level V (40/80) - 2026/02/07 3:14:11 CET [2026/02/06 21:14:11 ET]
Table '3972827189 1' 3-max Seat #1 is the button
Seat 1: mabeal1 (1200 in chips) 
Seat 2: JuliaJaime (300 in chips) 
mabeal1: posts small blind 40
JuliaJaime: posts big blind 80
*** HOLE CARDS ***
Dealt to mabeal1 [8s Js]
mabeal1: raises 240 to 320
JuliaJaime: calls 220 and is all-in
Uncalled bet (20) returned to mabeal1
*** FLOP *** [8h Qh 4h]
*** TURN *** [8h Qh 4h] [2d]
*** RIVER *** [8h Qh 4h 2d] [Kc]
*** SHOW DOWN ***
JuliaJaime: shows [Ah Jd] (high card Ace)
mabeal1: shows [8s Js] (a pair of Eights)
mabeal1 collected 600 from pot
JuliaJaime finished the tournament in 2nd place
mabeal1 wins the tournament and receives €2.00 - congratulations!
*** SUMMARY ***
Total pot 600 | Rake 0 
Board [8h Qh 4h 2d Kc]
Seat 1: mabeal1 (button) (small blind) showed [8s Js] and won (600) with a pair of Eights
Seat 2: JuliaJaime (big blind) showed [Ah Jd] and lost with high card Ace



