PokerStars Hand #259567470160: Tournament #3971514022, €0.93+€0.07 EUR Hold'em No Limit - Level I (10/20) - 2026/02/02 21:45:39 CET [2026/02/02 15:45:39 ET]
Table '3971514022 1' 3-max Seat #1 is the button
Seat 1: kev1623 (500 in chips) 
Seat 2: mabeal1 (500 in chips) 
Seat 3: RA TA CAS (500 in chips) 
mabeal1: posts small blind 10
RA TA CAS: posts big blind 20
*** HOLE CARDS ***
Dealt to mabeal1 [4c 9h]
kev1623: calls 20
mabeal1: folds 
RA TA CAS: raises 40 to 60
kev1623: calls 40
*** FLOP *** [9s 4d 3h]
RA TA CAS: checks 
kev1623: checks 
*** TURN *** [9s 4d 3h] [Ah]
RA TA CAS: checks 
kev1623: checks 
*** RIVER *** [9s 4d 3h Ah] [4h]
RA TA CAS: checks 
kev1623: bets 65
RA TA CAS: calls 65
*** SHOW DOWN ***
kev1623: shows [Ad 6h] (two pair, Aces and Fours)
RA TA CAS: shows [Ts Ac] (two pair, Aces and Fours - Ten kicker)
RA TA CAS collected 260 from pot
*** SUMMARY ***
Total pot 260 | Rake 0 
Board [9s 4d 3h Ah 4h]
Seat 1: kev1623 (button) showed [Ad 6h] and lost with two pair, Aces and Fours
Seat 2: mabeal1 (small blind) folded before Flop
Seat 3: RA TA CAS (big blind) showed [Ts Ac] and won (260) with two pair, Aces and Fours



PokerStars Hand #259567477780: Tournament #3971514022, €0.93+€0.07 EUR Hold'em No Limit - Level I (10/20) - 2026/02/02 21:46:06 CET [2026/02/02 15:46:06 ET]
Table '3971514022 1' 3-max Seat #2 is the button
Seat 1: kev1623 (375 in chips) 
Seat 2: mabeal1 (490 in chips) 
Seat 3: RA TA CAS (635 in chips) 
RA TA CAS: posts small blind 10
kev1623: posts big blind 20
*** HOLE CARDS ***
Dealt to mabeal1 [4d 3s]
mabeal1: folds 
RA TA CAS: calls 10
kev1623: checks 
*** FLOP *** [9h 4s Qs]
RA TA CAS: checks 
kev1623: checks 
*** TURN *** [9h 4s Qs] [3h]
RA TA CAS: checks 
kev1623: checks 
*** RIVER *** [9h 4s Qs 3h] [4c]
RA TA CAS: checks 
kev1623: checks 
*** SHOW DOWN ***
RA TA CAS: shows [Jh Ts] (a pair of Fours)
kev1623: shows [9d 8c] (two pair, Nines and Fours)
kev1623 collected 40 from pot
*** SUMMARY ***
Total pot 40 | Rake 0 
Board [9h 4s Qs 3h 4c]
Seat 1: kev1623 (big blind) showed [9d 8c] and won (40) with two pair, Nines and Fours
Seat 2: mabeal1 (button) folded before Flop (didn't bet)
Seat 3: RA TA CAS (small blind) showed [Jh Ts] and lost with a pair of Fours



PokerStars Hand #259567483611: Tournament #3971514022, €0.93+€0.07 EUR Hold'em No Limit - Level I (10/20) - 2026/02/02 21:46:27 CET [2026/02/02 15:46:27 ET]
Table '3971514022 1' 3-max Seat #3 is the button
Seat 1: kev1623 (395 in chips) 
Seat 2: mabeal1 (490 in chips) 
Seat 3: RA TA CAS (615 in chips) 
kev1623: posts small blind 10
mabeal1: posts big blind 20
*** HOLE CARDS ***
Dealt to mabeal1 [Ad 5d]
RA TA CAS: raises 60 to 80
kev1623: folds 
mabeal1: folds 
Uncalled bet (60) returned to RA TA CAS
RA TA CAS collected 50 from pot
RA TA CAS: doesn't show hand 
*** SUMMARY ***
Total pot 50 | Rake 0 
Seat 1: kev1623 (small blind) folded before Flop
Seat 2: mabeal1 (big blind) folded before Flop
Seat 3: RA TA CAS (button) collected (50)



PokerStars Hand #259567487153: Tournament #3971514022, €0.93+€0.07 EUR Hold'em No Limit - Level I (10/20) - 2026/02/02 21:46:40 CET [2026/02/02 15:46:40 ET]
Table '3971514022 1' 3-max Seat #1 is the button
Seat 1: kev1623 (385 in chips) 
Seat 2: mabeal1 (470 in chips) 
Seat 3: RA TA CAS (645 in chips) 
mabeal1: posts small blind 10
RA TA CAS: posts big blind 20
*** HOLE CARDS ***
Dealt to mabeal1 [Ac 6d]
kev1623: calls 20
mabeal1: raises 450 to 470 and is all-in
RA TA CAS: calls 450
kev1623: folds 
*** FLOP *** [4h 6s Ah]
*** TURN *** [4h 6s Ah] [8d]
*** RIVER *** [4h 6s Ah 8d] [Kd]
*** SHOW DOWN ***
mabeal1: shows [Ac 6d] (two pair, Aces and Sixes)
RA TA CAS: shows [Qd As] (a pair of Aces)
mabeal1 collected 960 from pot
*** SUMMARY ***
Total pot 960 | Rake 0 
Board [4h 6s Ah 8d Kd]
Seat 1: kev1623 (button) folded before Flop
Seat 2: mabeal1 (small blind) showed [Ac 6d] and won (960) with two pair, Aces and Sixes
Seat 3: RA TA CAS (big blind) showed [Qd As] and lost with a pair of Aces



PokerStars Hand #259567491708: Tournament #3971514022, €0.93+€0.07 EUR Hold'em No Limit - Level I (10/20) - 2026/02/02 21:46:56 CET [2026/02/02 15:46:56 ET]
Table '3971514022 1' 3-max Seat #2 is the button
Seat 1: kev1623 (365 in chips) 
Seat 2: mabeal1 (960 in chips) 
Seat 3: RA TA CAS (175 in chips) 
RA TA CAS: posts small blind 10
kev1623: posts big blind 20
*** HOLE CARDS ***
Dealt to mabeal1 [9d Kd]
mabeal1: raises 20 to 40
RA TA CAS: calls 30
kev1623: folds 
*** FLOP *** [Ks 8d Ac]
RA TA CAS: checks 
mabeal1: bets 30
RA TA CAS: folds 
Uncalled bet (30) returned to mabeal1
mabeal1 collected 100 from pot
mabeal1: doesn't show hand 
*** SUMMARY ***
Total pot 100 | Rake 0 
Board [Ks 8d Ac]
Seat 1: kev1623 (big blind) folded before Flop
Seat 2: mabeal1 (button) collected (100)
Seat 3: RA TA CAS (small blind) folded on the Flop



PokerStars Hand #259567498548: Tournament #3971514022, €0.93+€0.07 EUR Hold'em No Limit - Level I (10/20) - 2026/02/02 21:47:20 CET [2026/02/02 15:47:20 ET]
Table '3971514022 1' 3-max Seat #3 is the button
Seat 1: kev1623 (345 in chips) 
Seat 2: mabeal1 (1020 in chips) 
Seat 3: RA TA CAS (135 in chips) 
kev1623: posts small blind 10
mabeal1: posts big blind 20
*** HOLE CARDS ***
Dealt to mabeal1 [Qh Th]
RA TA CAS: raises 115 to 135 and is all-in
kev1623: raises 210 to 345 and is all-in
mabeal1: folds 
Uncalled bet (210) returned to kev1623
*** FLOP *** [9h 8d 5s]
*** TURN *** [9h 8d 5s] [2d]
*** RIVER *** [9h 8d 5s 2d] [6d]
*** SHOW DOWN ***
kev1623: shows [6h 6s] (three of a kind, Sixes)
RA TA CAS: shows [Ad 8h] (a pair of Eights)
kev1623 collected 290 from pot
RA TA CAS finished the tournament in 3rd place
*** SUMMARY ***
Total pot 290 | Rake 0 
Board [9h 8d 5s 2d 6d]
Seat 1: kev1623 (small blind) showed [6h 6s] and won (290) with three of a kind, Sixes
Seat 2: mabeal1 (big blind) folded before Flop
Seat 3: RA TA CAS (button) showed [Ad 8h] and lost with a pair of Eights



PokerStars Hand #259567504508: Tournament #3971514022, €0.93+€0.07 EUR Hold'em No Limit - Level I (10/20) - 2026/02/02 21:47:41 CET [2026/02/02 15:47:41 ET]
Table '3971514022 1' 3-max Seat #2 is the button
Seat 1: kev1623 (500 in chips) 
Seat 2: mabeal1 (1000 in chips) 
mabeal1: posts small blind 10
kev1623: posts big blind 20
*** HOLE CARDS ***
Dealt to mabeal1 [7d Ad]
mabeal1: raises 30 to 50
kev1623: folds 
Uncalled bet (30) returned to mabeal1
mabeal1 collected 40 from pot
mabeal1: doesn't show hand 
*** SUMMARY ***
Total pot 40 | Rake 0 
Seat 1: kev1623 (big blind) folded before Flop
Seat 2: mabeal1 (button) (small blind) collected (40)



PokerStars Hand #259567507696: Tournament #3971514022, €0.93+€0.07 EUR Hold'em No Limit - Level I (10/20) - 2026/02/02 21:47:52 CET [2026/02/02 15:47:52 ET]
Table '3971514022 1' 3-max Seat #1 is the button
Seat 1: kev1623 (480 in chips) 
Seat 2: mabeal1 (1020 in chips) 
kev1623: posts small blind 10
mabeal1: posts big blind 20
*** HOLE CARDS ***
Dealt to mabeal1 [Ts 9c]
kev1623: raises 20 to 40
mabeal1: calls 20
*** FLOP *** [6s 2d Td]
mabeal1: checks 
kev1623: checks 
*** TURN *** [6s 2d Td] [Th]
mabeal1: checks 
kev1623: checks 
*** RIVER *** [6s 2d Td Th] [3d]
mabeal1: bets 60
kev1623: folds 
Uncalled bet (60) returned to mabeal1
mabeal1 collected 80 from pot
mabeal1: doesn't show hand 
*** SUMMARY ***
Total pot 80 | Rake 0 
Board [6s 2d Td Th 3d]
Seat 1: kev1623 (button) (small blind) folded on the River
Seat 2: mabeal1 (big blind) collected (80)



PokerStars Hand #259567515309: Tournament #3971514022, €0.93+€0.07 EUR Hold'em No Limit - Level I (10/20) - 2026/02/02 21:48:19 CET [2026/02/02 15:48:19 ET]
Table '3971514022 1' 3-max Seat #2 is the button
Seat 1: kev1623 (440 in chips) 
Seat 2: mabeal1 (1060 in chips) 
mabeal1: posts small blind 10
kev1623: posts big blind 20
*** HOLE CARDS ***
Dealt to mabeal1 [8d Qs]
mabeal1: calls 10
kev1623: checks 
*** FLOP *** [Jc Qc 9c]
kev1623: bets 40
mabeal1: calls 40
*** TURN *** [Jc Qc 9c] [8c]
kev1623: checks 
mabeal1: checks 
*** RIVER *** [Jc Qc 9c 8c] [Ac]
kev1623: checks 
mabeal1: checks 
*** SHOW DOWN ***
kev1623: shows [Jd Qh] (a flush, Ace high)
mabeal1: shows [8d Qs] (a flush, Ace high)
kev1623 collected 60 from pot
mabeal1 collected 60 from pot
*** SUMMARY ***
Total pot 120 | Rake 0 
Board [Jc Qc 9c 8c Ac]
Seat 1: kev1623 (big blind) showed [Jd Qh] and won (60) with a flush, Ace high
Seat 2: mabeal1 (button) (small blind) showed [8d Qs] and won (60) with a flush, Ace high



PokerStars Hand #259567520858: Tournament #3971514022, €0.93+€0.07 EUR Hold'em No Limit - Level I (10/20) - 2026/02/02 21:48:38 CET [2026/02/02 15:48:38 ET]
Table '3971514022 1' 3-max Seat #1 is the button
Seat 1: kev1623 (440 in chips) 
Seat 2: mabeal1 (1060 in chips) 
kev1623: posts small blind 10
mabeal1: posts big blind 20
*** HOLE CARDS ***
Dealt to mabeal1 [6h Th]
kev1623: folds 
Uncalled bet (10) returned to mabeal1
mabeal1 collected 20 from pot
mabeal1: doesn't show hand 
*** SUMMARY ***
Total pot 20 | Rake 0 
Seat 1: kev1623 (button) (small blind) folded before Flop
Seat 2: mabeal1 (big blind) collected (20)



PokerStars Hand #259567523438: Tournament #3971514022, €0.93+€0.07 EUR Hold'em No Limit - Level II (15/30) - 2026/02/02 21:48:48 CET [2026/02/02 15:48:48 ET]
Table '3971514022 1' 3-max Seat #2 is the button
Seat 1: kev1623 (430 in chips) 
Seat 2: mabeal1 (1070 in chips) 
mabeal1: posts small blind 15
kev1623: posts big blind 30
*** HOLE CARDS ***
Dealt to mabeal1 [As 9c]
mabeal1: raises 30 to 60
kev1623: calls 30
*** FLOP *** [5h 6h Ad]
kev1623: checks 
mabeal1: bets 45
kev1623: folds 
Uncalled bet (45) returned to mabeal1
mabeal1 collected 120 from pot
mabeal1: doesn't show hand 
*** SUMMARY ***
Total pot 120 | Rake 0 
Board [5h 6h Ad]
Seat 1: kev1623 (big blind) folded on the Flop
Seat 2: mabeal1 (button) (small blind) collected (120)



PokerStars Hand #259567527058: Tournament #3971514022, €0.93+€0.07 EUR Hold'em No Limit - Level II (15/30) - 2026/02/02 21:49:00 CET [2026/02/02 15:49:00 ET]
Table '3971514022 1' 3-max Seat #1 is the button
Seat 1: kev1623 (370 in chips) 
Seat 2: mabeal1 (1130 in chips) 
kev1623: posts small blind 15
mabeal1: posts big blind 30
*** HOLE CARDS ***
Dealt to mabeal1 [2c Qs]
kev1623: calls 15
mabeal1: checks 
*** FLOP *** [4h Js 6d]
mabeal1: checks 
kev1623: checks 
*** TURN *** [4h Js 6d] [Ad]
mabeal1: checks 
kev1623: checks 
*** RIVER *** [4h Js 6d Ad] [Ks]
mabeal1: checks 
kev1623: checks 
*** SHOW DOWN ***
mabeal1: shows [2c Qs] (high card Ace)
kev1623: mucks hand 
mabeal1 collected 60 from pot
*** SUMMARY ***
Total pot 60 | Rake 0 
Board [4h Js 6d Ad Ks]
Seat 1: kev1623 (button) (small blind) mucked [7d 8s]
Seat 2: mabeal1 (big blind) showed [2c Qs] and won (60) with high card Ace



PokerStars Hand #259567531451: Tournament #3971514022, €0.93+€0.07 EUR Hold'em No Limit - Level II (15/30) - 2026/02/02 21:49:16 CET [2026/02/02 15:49:16 ET]
Table '3971514022 1' 3-max Seat #2 is the button
Seat 1: kev1623 (340 in chips) 
Seat 2: mabeal1 (1160 in chips) 
mabeal1: posts small blind 15
kev1623: posts big blind 30
*** HOLE CARDS ***
Dealt to mabeal1 [2d Qh]
mabeal1: calls 15
kev1623: checks 
*** FLOP *** [6s Ah 7s]
kev1623: checks 
mabeal1: bets 30
kev1623: calls 30
*** TURN *** [6s Ah 7s] [8d]
kev1623: checks 
mabeal1: checks 
*** RIVER *** [6s Ah 7s 8d] [6h]
kev1623: bets 60
mabeal1: folds 
Uncalled bet (60) returned to kev1623
kev1623 collected 120 from pot
kev1623: doesn't show hand 
*** SUMMARY ***
Total pot 120 | Rake 0 
Board [6s Ah 7s 8d 6h]
Seat 1: kev1623 (big blind) collected (120)
Seat 2: mabeal1 (button) (small blind) folded on the River



PokerStars Hand #259567537157: Tournament #3971514022, €0.93+€0.07 EUR Hold'em No Limit - Level II (15/30) - 2026/02/02 21:49:37 CET [2026/02/02 15:49:37 ET]
Table '3971514022 1' 3-max Seat #1 is the button
Seat 1: kev1623 (400 in chips) 
Seat 2: mabeal1 (1100 in chips) 
kev1623: posts small blind 15
mabeal1: posts big blind 30
*** HOLE CARDS ***
Dealt to mabeal1 [2c As]
kev1623: calls 15
mabeal1: raises 1070 to 1100 and is all-in
kev1623: folds 
Uncalled bet (1070) returned to mabeal1
mabeal1 collected 60 from pot
mabeal1: doesn't show hand 
*** SUMMARY ***
Total pot 60 | Rake 0 
Seat 1: kev1623 (button) (small blind) folded before Flop
Seat 2: mabeal1 (big blind) collected (60)



PokerStars Hand #259567539387: Tournament #3971514022, €0.93+€0.07 EUR Hold'em No Limit - Level II (15/30) - 2026/02/02 21:49:44 CET [2026/02/02 15:49:44 ET]
Table '3971514022 1' 3-max Seat #2 is the button
Seat 1: kev1623 (370 in chips) 
Seat 2: mabeal1 (1130 in chips) 
mabeal1: posts small blind 15
kev1623: posts big blind 30
*** HOLE CARDS ***
Dealt to mabeal1 [Ks 8c]
mabeal1: raises 30 to 60
kev1623: folds 
Uncalled bet (30) returned to mabeal1
mabeal1 collected 60 from pot
mabeal1: doesn't show hand 
*** SUMMARY ***
Total pot 60 | Rake 0 
Seat 1: kev1623 (big blind) folded before Flop
Seat 2: mabeal1 (button) (small blind) collected (60)



PokerStars Hand #259567541342: Tournament #3971514022, €0.93+€0.07 EUR Hold'em No Limit - Level II (15/30) - 2026/02/02 21:49:51 CET [2026/02/02 15:49:51 ET]
Table '3971514022 1' 3-max Seat #1 is the button
Seat 1: kev1623 (340 in chips) 
Seat 2: mabeal1 (1160 in chips) 
kev1623: posts small blind 15
mabeal1: posts big blind 30
*** HOLE CARDS ***
Dealt to mabeal1 [9h 9c]
kev1623: calls 15
mabeal1: raises 1130 to 1160 and is all-in
kev1623: calls 310 and is all-in
Uncalled bet (820) returned to mabeal1
*** FLOP *** [2h 7h 2d]
*** TURN *** [2h 7h 2d] [3c]
*** RIVER *** [2h 7h 2d 3c] [9s]
*** SHOW DOWN ***
mabeal1: shows [9h 9c] (a full house, Nines full of Deuces)
kev1623: shows [Ks Td] (a pair of Deuces)
mabeal1 collected 680 from pot
kev1623 finished the tournament in 2nd place
mabeal1 wins the tournament and receives €4.00 - congratulations!
*** SUMMARY ***
Total pot 680 | Rake 0 
Board [2h 7h 2d 3c 9s]
Seat 1: kev1623 (button) (small blind) showed [Ks Td] and lost with a pair of Deuces
Seat 2: mabeal1 (big blind) showed [9h 9c] and won (680) with a full house, Nines full of Deuces



