PokerStars Hand #259396345867: Tournament #3967583458, €0.93+€0.07 EUR Hold'em No Limit - Level I (10/20) - 2026/01/20 23:59:23 CET [2026/01/20 17:59:23 ET]
Table '3967583458 1' 3-max Seat #1 is the button
Seat 1: bigodes49 (500 in chips) 
Seat 2: mabeal1 (500 in chips) 
Seat 3: Bblack_bosss (500 in chips) 
mabeal1: posts small blind 10
Bblack_bosss: posts big blind 20
*** HOLE CARDS ***
Dealt to mabeal1 [Jc 4d]
bigodes49: raises 20 to 40
mabeal1: folds 
Bblack_bosss: calls 20
*** FLOP *** [Qd Td Ac]
Bblack_bosss: checks 
bigodes49: bets 60
Bblack_bosss: folds 
Uncalled bet (60) returned to bigodes49
bigodes49 collected 90 from pot
bigodes49: doesn't show hand 
*** SUMMARY ***
Total pot 90 | Rake 0 
Board [Qd Td Ac]
Seat 1: bigodes49 (button) collected (90)
Seat 2: mabeal1 (small blind) folded before Flop
Seat 3: Bblack_bosss (big blind) folded on the Flop



PokerStars Hand #259396348832: Tournament #3967583458, €0.93+€0.07 EUR Hold'em No Limit - Level I (10/20) - 2026/01/20 23:59:40 CET [2026/01/20 17:59:40 ET]
Table '3967583458 1' 3-max Seat #2 is the button
Seat 1: bigodes49 (550 in chips) 
Seat 2: mabeal1 (490 in chips) 
Seat 3: Bblack_bosss (460 in chips) 
Bblack_bosss: posts small blind 10
bigodes49: posts big blind 20
*** HOLE CARDS ***
Dealt to mabeal1 [Jh Qc]
mabeal1: raises 20 to 40
Bblack_bosss: folds 
bigodes49: calls 20
*** FLOP *** [As Ac 8d]
bigodes49: bets 20
mabeal1: calls 20
*** TURN *** [As Ac 8d] [4c]
bigodes49: bets 20
mabeal1: folds 
Uncalled bet (20) returned to bigodes49
bigodes49 collected 130 from pot
bigodes49: doesn't show hand 
*** SUMMARY ***
Total pot 130 | Rake 0 
Board [As Ac 8d 4c]
Seat 1: bigodes49 (big blind) collected (130)
Seat 2: mabeal1 (button) folded on the Turn
Seat 3: Bblack_bosss (small blind) folded before Flop



PokerStars Hand #259396352705: Tournament #3967583458, €0.93+€0.07 EUR Hold'em No Limit - Level I (10/20) - 2026/01/21 0:00:04 CET [2026/01/20 18:00:04 ET]
Table '3967583458 1' 3-max Seat #3 is the button
Seat 1: bigodes49 (620 in chips) 
Seat 2: mabeal1 (430 in chips) 
Seat 3: Bblack_bosss (450 in chips) 
bigodes49: posts small blind 10
mabeal1: posts big blind 20
*** HOLE CARDS ***
Dealt to mabeal1 [Ah 3h]
Bblack_bosss: calls 20
bigodes49: raises 20 to 40
mabeal1: calls 20
Bblack_bosss: calls 20
*** FLOP *** [Kc 9c 7h]
bigodes49: bets 20
mabeal1: calls 20
Bblack_bosss: calls 20
*** TURN *** [Kc 9c 7h] [4s]
bigodes49: bets 20
mabeal1: folds 
Bblack_bosss: calls 20
*** RIVER *** [Kc 9c 7h 4s] [8h]
bigodes49: bets 20
Bblack_bosss: raises 20 to 40
bigodes49: calls 20
*** SHOW DOWN ***
Bblack_bosss: shows [Th 4h] (a pair of Fours)
bigodes49: shows [8s Ad] (a pair of Eights)
bigodes49 collected 300 from pot
*** SUMMARY ***
Total pot 300 | Rake 0 
Board [Kc 9c 7h 4s 8h]
Seat 1: bigodes49 (small blind) showed [8s Ad] and won (300) with a pair of Eights
Seat 2: mabeal1 (big blind) folded on the Turn
Seat 3: Bblack_bosss (button) showed [Th 4h] and lost with a pair of Fours



PokerStars Hand #259396358271: Tournament #3967583458, €0.93+€0.07 EUR Hold'em No Limit - Level I (10/20) - 2026/01/21 0:00:37 CET [2026/01/20 18:00:37 ET]
Table '3967583458 1' 3-max Seat #1 is the button
Seat 1: bigodes49 (800 in chips) 
Seat 2: mabeal1 (370 in chips) 
Seat 3: Bblack_bosss (330 in chips) 
mabeal1: posts small blind 10
Bblack_bosss: posts big blind 20
*** HOLE CARDS ***
Dealt to mabeal1 [Jc 7d]
bigodes49: calls 20
mabeal1: folds 
Bblack_bosss: checks 
*** FLOP *** [5d Kc Qc]
Bblack_bosss: checks 
bigodes49: bets 20
Bblack_bosss: calls 20
*** TURN *** [5d Kc Qc] [6d]
Bblack_bosss: checks 
bigodes49: checks 
*** RIVER *** [5d Kc Qc 6d] [9h]
Bblack_bosss: bets 40
bigodes49: raises 60 to 100
Bblack_bosss: calls 60
*** SHOW DOWN ***
bigodes49: shows [Kh 5c] (two pair, Kings and Fives)
Bblack_bosss: shows [6h Ks] (two pair, Kings and Sixes)
Bblack_bosss collected 290 from pot
*** SUMMARY ***
Total pot 290 | Rake 0 
Board [5d Kc Qc 6d 9h]
Seat 1: bigodes49 (button) showed [Kh 5c] and lost with two pair, Kings and Fives
Seat 2: mabeal1 (small blind) folded before Flop
Seat 3: Bblack_bosss (big blind) showed [6h Ks] and won (290) with two pair, Kings and Sixes



PokerStars Hand #259396364122: Tournament #3967583458, €0.93+€0.07 EUR Hold'em No Limit - Level I (10/20) - 2026/01/21 0:01:08 CET [2026/01/20 18:01:08 ET]
Table '3967583458 1' 3-max Seat #2 is the button
Seat 1: bigodes49 (660 in chips) 
Seat 2: mabeal1 (360 in chips) 
Seat 3: Bblack_bosss (480 in chips) 
Bblack_bosss: posts small blind 10
bigodes49: posts big blind 20
*** HOLE CARDS ***
Dealt to mabeal1 [Ac Qc]
mabeal1: raises 20 to 40
Bblack_bosss: folds 
bigodes49: raises 20 to 60
mabeal1: raises 300 to 360 and is all-in
bigodes49: calls 300
*** FLOP *** [8c 4d 5s]
*** TURN *** [8c 4d 5s] [4h]
*** RIVER *** [8c 4d 5s 4h] [9c]
*** SHOW DOWN ***
bigodes49: shows [Qs Td] (a pair of Fours)
mabeal1: shows [Ac Qc] (a pair of Fours - Ace kicker)
mabeal1 collected 730 from pot
*** SUMMARY ***
Total pot 730 | Rake 0 
Board [8c 4d 5s 4h 9c]
Seat 1: bigodes49 (big blind) showed [Qs Td] and lost with a pair of Fours
Seat 2: mabeal1 (button) showed [Ac Qc] and won (730) with a pair of Fours
Seat 3: Bblack_bosss (small blind) folded before Flop



PokerStars Hand #259396368905: Tournament #3967583458, €0.93+€0.07 EUR Hold'em No Limit - Level II (15/30) - 2026/01/21 0:01:31 CET [2026/01/20 18:01:31 ET]
Table '3967583458 1' 3-max Seat #3 is the button
Seat 1: bigodes49 (300 in chips) 
Seat 2: mabeal1 (730 in chips) 
Seat 3: Bblack_bosss (470 in chips) 
bigodes49: posts small blind 15
mabeal1: posts big blind 30
*** HOLE CARDS ***
Dealt to mabeal1 [4d Ah]
Bblack_bosss: folds 
bigodes49: calls 15
mabeal1: raises 700 to 730 and is all-in
bigodes49: folds 
Uncalled bet (700) returned to mabeal1
mabeal1 collected 60 from pot
mabeal1: doesn't show hand 
*** SUMMARY ***
Total pot 60 | Rake 0 
Seat 1: bigodes49 (small blind) folded before Flop
Seat 2: mabeal1 (big blind) collected (60)
Seat 3: Bblack_bosss (button) folded before Flop (didn't bet)



PokerStars Hand #259396373807: Tournament #3967583458, €0.93+€0.07 EUR Hold'em No Limit - Level II (15/30) - 2026/01/21 0:01:55 CET [2026/01/20 18:01:55 ET]
Table '3967583458 1' 3-max Seat #1 is the button
Seat 1: bigodes49 (270 in chips) 
Seat 2: mabeal1 (760 in chips) 
Seat 3: Bblack_bosss (470 in chips) 
mabeal1: posts small blind 15
Bblack_bosss: posts big blind 30
*** HOLE CARDS ***
Dealt to mabeal1 [3d 5h]
bigodes49: raises 30 to 60
mabeal1: folds 
Bblack_bosss: folds 
Uncalled bet (30) returned to bigodes49
bigodes49 collected 75 from pot
bigodes49: doesn't show hand 
*** SUMMARY ***
Total pot 75 | Rake 0 
Seat 1: bigodes49 (button) collected (75)
Seat 2: mabeal1 (small blind) folded before Flop
Seat 3: Bblack_bosss (big blind) folded before Flop



PokerStars Hand #259396375994: Tournament #3967583458, €0.93+€0.07 EUR Hold'em No Limit - Level II (15/30) - 2026/01/21 0:02:05 CET [2026/01/20 18:02:05 ET]
Table '3967583458 1' 3-max Seat #2 is the button
Seat 1: bigodes49 (315 in chips) 
Seat 2: mabeal1 (745 in chips) 
Seat 3: Bblack_bosss (440 in chips) 
Bblack_bosss: posts small blind 15
bigodes49: posts big blind 30
*** HOLE CARDS ***
Dealt to mabeal1 [Kc 8s]
mabeal1: folds 
Bblack_bosss: calls 15
bigodes49: checks 
*** FLOP *** [Kh 2c 3d]
Bblack_bosss: checks 
bigodes49: checks 
*** TURN *** [Kh 2c 3d] [3c]
Bblack_bosss: bets 30
bigodes49: calls 30
*** RIVER *** [Kh 2c 3d 3c] [7c]
Bblack_bosss: bets 60
bigodes49: calls 60
*** SHOW DOWN ***
Bblack_bosss: shows [Ah 6h] (a pair of Threes)
bigodes49: shows [7d 9d] (two pair, Sevens and Threes)
bigodes49 collected 240 from pot
*** SUMMARY ***
Total pot 240 | Rake 0 
Board [Kh 2c 3d 3c 7c]
Seat 1: bigodes49 (big blind) showed [7d 9d] and won (240) with two pair, Sevens and Threes
Seat 2: mabeal1 (button) folded before Flop (didn't bet)
Seat 3: Bblack_bosss (small blind) showed [Ah 6h] and lost with a pair of Threes



PokerStars Hand #259396383203: Tournament #3967583458, €0.93+€0.07 EUR Hold'em No Limit - Level II (15/30) - 2026/01/21 0:02:36 CET [2026/01/20 18:02:36 ET]
Table '3967583458 1' 3-max Seat #3 is the button
Seat 1: bigodes49 (435 in chips) 
Seat 2: mabeal1 (745 in chips) 
Seat 3: Bblack_bosss (320 in chips) 
bigodes49: posts small blind 15
mabeal1: posts big blind 30
*** HOLE CARDS ***
Dealt to mabeal1 [Kh Jd]
Bblack_bosss: raises 30 to 60
bigodes49: folds 
mabeal1: calls 30
*** FLOP *** [Kd 3s Th]
mabeal1: checks 
Bblack_bosss: checks 
*** TURN *** [Kd 3s Th] [6s]
mabeal1: bets 68
Bblack_bosss: calls 68
*** RIVER *** [Kd 3s Th 6s] [8c]
mabeal1: bets 617 and is all-in
Bblack_bosss: calls 192 and is all-in
Uncalled bet (425) returned to mabeal1
*** SHOW DOWN ***
mabeal1: shows [Kh Jd] (a pair of Kings)
Bblack_bosss: shows [Ah Kc] (a pair of Kings - Ace kicker)
Bblack_bosss collected 655 from pot
*** SUMMARY ***
Total pot 655 | Rake 0 
Board [Kd 3s Th 6s 8c]
Seat 1: bigodes49 (small blind) folded before Flop
Seat 2: mabeal1 (big blind) showed [Kh Jd] and lost with a pair of Kings
Seat 3: Bblack_bosss (button) showed [Ah Kc] and won (655) with a pair of Kings



PokerStars Hand #259396390124: Tournament #3967583458, €0.93+€0.07 EUR Hold'em No Limit - Level II (15/30) - 2026/01/21 0:03:07 CET [2026/01/20 18:03:07 ET]
Table '3967583458 1' 3-max Seat #1 is the button
Seat 1: bigodes49 (420 in chips) 
Seat 2: mabeal1 (425 in chips) 
Seat 3: Bblack_bosss (655 in chips) 
mabeal1: posts small blind 15
Bblack_bosss: posts big blind 30
*** HOLE CARDS ***
Dealt to mabeal1 [2d 4c]
bigodes49: raises 30 to 60
mabeal1: folds 
Bblack_bosss: folds 
Uncalled bet (30) returned to bigodes49
bigodes49 collected 75 from pot
bigodes49: doesn't show hand 
*** SUMMARY ***
Total pot 75 | Rake 0 
Seat 1: bigodes49 (button) collected (75)
Seat 2: mabeal1 (small blind) folded before Flop
Seat 3: Bblack_bosss (big blind) folded before Flop



PokerStars Hand #259396392587: Tournament #3967583458, €0.93+€0.07 EUR Hold'em No Limit - Level II (15/30) - 2026/01/21 0:03:19 CET [2026/01/20 18:03:19 ET]
Table '3967583458 1' 3-max Seat #2 is the button
Seat 1: bigodes49 (465 in chips) 
Seat 2: mabeal1 (410 in chips) 
Seat 3: Bblack_bosss (625 in chips) 
Bblack_bosss: posts small blind 15
bigodes49: posts big blind 30
*** HOLE CARDS ***
Dealt to mabeal1 [Js 7s]
mabeal1: folds 
Bblack_bosss: calls 15
bigodes49: checks 
*** FLOP *** [Ac 2d 7h]
Bblack_bosss: checks 
bigodes49: bets 30
Bblack_bosss: folds 
Uncalled bet (30) returned to bigodes49
bigodes49 collected 60 from pot
bigodes49: doesn't show hand 
*** SUMMARY ***
Total pot 60 | Rake 0 
Board [Ac 2d 7h]
Seat 1: bigodes49 (big blind) collected (60)
Seat 2: mabeal1 (button) folded before Flop (didn't bet)
Seat 3: Bblack_bosss (small blind) folded on the Flop



PokerStars Hand #259396397955: Tournament #3967583458, €0.93+€0.07 EUR Hold'em No Limit - Level III (20/40) - 2026/01/21 0:03:42 CET [2026/01/20 18:03:42 ET]
Table '3967583458 1' 3-max Seat #3 is the button
Seat 1: bigodes49 (495 in chips) 
Seat 2: mabeal1 (410 in chips) 
Seat 3: Bblack_bosss (595 in chips) 
bigodes49: posts small blind 20
mabeal1: posts big blind 40
*** HOLE CARDS ***
Dealt to mabeal1 [Js 2c]
Bblack_bosss: folds 
bigodes49: calls 20
mabeal1: checks 
*** FLOP *** [Ad 5h Qh]
bigodes49: checks 
mabeal1: checks 
*** TURN *** [Ad 5h Qh] [2d]
bigodes49: bets 40
mabeal1: calls 40
*** RIVER *** [Ad 5h Qh 2d] [Qd]
bigodes49: bets 40
mabeal1: calls 40
*** SHOW DOWN ***
bigodes49: shows [3c 2s] (two pair, Queens and Deuces)
mabeal1: shows [Js 2c] (two pair, Queens and Deuces)
bigodes49 collected 120 from pot
mabeal1 collected 120 from pot
*** SUMMARY ***
Total pot 240 | Rake 0 
Board [Ad 5h Qh 2d Qd]
Seat 1: bigodes49 (small blind) showed [3c 2s] and won (120) with two pair, Queens and Deuces
Seat 2: mabeal1 (big blind) showed [Js 2c] and won (120) with two pair, Queens and Deuces
Seat 3: Bblack_bosss (button) folded before Flop (didn't bet)



PokerStars Hand #259396402699: Tournament #3967583458, €0.93+€0.07 EUR Hold'em No Limit - Level III (20/40) - 2026/01/21 0:04:04 CET [2026/01/20 18:04:04 ET]
Table '3967583458 1' 3-max Seat #1 is the button
Seat 1: bigodes49 (495 in chips) 
Seat 2: mabeal1 (410 in chips) 
Seat 3: Bblack_bosss (595 in chips) 
mabeal1: posts small blind 20
Bblack_bosss: posts big blind 40
*** HOLE CARDS ***
Dealt to mabeal1 [Js 8c]
bigodes49: raises 40 to 80
mabeal1: folds 
Bblack_bosss: calls 40
*** FLOP *** [Ks 7h As]
Bblack_bosss: bets 40
bigodes49: calls 40
*** TURN *** [Ks 7h As] [8d]
Bblack_bosss: bets 40
bigodes49: folds 
Uncalled bet (40) returned to Bblack_bosss
Bblack_bosss collected 260 from pot
*** SUMMARY ***
Total pot 260 | Rake 0 
Board [Ks 7h As 8d]
Seat 1: bigodes49 (button) folded on the Turn
Seat 2: mabeal1 (small blind) folded before Flop
Seat 3: Bblack_bosss (big blind) collected (260)



PokerStars Hand #259396407607: Tournament #3967583458, €0.93+€0.07 EUR Hold'em No Limit - Level III (20/40) - 2026/01/21 0:04:26 CET [2026/01/20 18:04:26 ET]
Table '3967583458 1' 3-max Seat #2 is the button
Seat 1: bigodes49 (375 in chips) 
Seat 2: mabeal1 (390 in chips) 
Seat 3: Bblack_bosss (735 in chips) 
Bblack_bosss: posts small blind 20
bigodes49: posts big blind 40
*** HOLE CARDS ***
Dealt to mabeal1 [8d Th]
mabeal1: folds 
Bblack_bosss: calls 20
bigodes49: raises 40 to 80
Bblack_bosss: calls 40
*** FLOP *** [Qs Ah Jc]
Bblack_bosss: checks 
bigodes49: bets 80
Bblack_bosss: folds 
Uncalled bet (80) returned to bigodes49
bigodes49 collected 160 from pot
bigodes49: doesn't show hand 
*** SUMMARY ***
Total pot 160 | Rake 0 
Board [Qs Ah Jc]
Seat 1: bigodes49 (big blind) collected (160)
Seat 2: mabeal1 (button) folded before Flop (didn't bet)
Seat 3: Bblack_bosss (small blind) folded on the Flop



PokerStars Hand #259396411998: Tournament #3967583458, €0.93+€0.07 EUR Hold'em No Limit - Level III (20/40) - 2026/01/21 0:04:45 CET [2026/01/20 18:04:45 ET]
Table '3967583458 1' 3-max Seat #3 is the button
Seat 1: bigodes49 (455 in chips) 
Seat 2: mabeal1 (390 in chips) 
Seat 3: Bblack_bosss (655 in chips) 
bigodes49: posts small blind 20
mabeal1: posts big blind 40
*** HOLE CARDS ***
Dealt to mabeal1 [Jd 6s]
Bblack_bosss: raises 40 to 80
bigodes49: folds 
mabeal1: folds 
Uncalled bet (40) returned to Bblack_bosss
Bblack_bosss collected 100 from pot
*** SUMMARY ***
Total pot 100 | Rake 0 
Seat 1: bigodes49 (small blind) folded before Flop
Seat 2: mabeal1 (big blind) folded before Flop
Seat 3: Bblack_bosss (button) collected (100)



PokerStars Hand #259396415307: Tournament #3967583458, €0.93+€0.07 EUR Hold'em No Limit - Level III (20/40) - 2026/01/21 0:05:00 CET [2026/01/20 18:05:00 ET]
Table '3967583458 1' 3-max Seat #1 is the button
Seat 1: bigodes49 (435 in chips) 
Seat 2: mabeal1 (350 in chips) 
Seat 3: Bblack_bosss (715 in chips) 
mabeal1: posts small blind 20
Bblack_bosss: posts big blind 40
*** HOLE CARDS ***
Dealt to mabeal1 [7h Qh]
bigodes49: raises 40 to 80
mabeal1: folds 
Bblack_bosss: calls 40
*** FLOP *** [5c 3s 9h]
Bblack_bosss: checks 
bigodes49: bets 80
Bblack_bosss: calls 80
*** TURN *** [5c 3s 9h] [Tc]
Bblack_bosss: bets 40
bigodes49: raises 40 to 80
Bblack_bosss: calls 40
*** RIVER *** [5c 3s 9h Tc] [2c]
Bblack_bosss: checks 
bigodes49: checks 
*** SHOW DOWN ***
Bblack_bosss: shows [Kd 7c] (high card King)
bigodes49: shows [Ks Ah] (high card Ace)
bigodes49 collected 500 from pot
*** SUMMARY ***
Total pot 500 | Rake 0 
Board [5c 3s 9h Tc 2c]
Seat 1: bigodes49 (button) showed [Ks Ah] and won (500) with high card Ace
Seat 2: mabeal1 (small blind) folded before Flop
Seat 3: Bblack_bosss (big blind) showed [Kd 7c] and lost with high card King



PokerStars Hand #259396424057: Tournament #3967583458, €0.93+€0.07 EUR Hold'em No Limit - Level IV (30/60) - 2026/01/21 0:05:38 CET [2026/01/20 18:05:38 ET]
Table '3967583458 1' 3-max Seat #2 is the button
Seat 1: bigodes49 (695 in chips) 
Seat 2: mabeal1 (330 in chips) 
Seat 3: Bblack_bosss (475 in chips) 
Bblack_bosss: posts small blind 30
bigodes49: posts big blind 60
*** HOLE CARDS ***
Dealt to mabeal1 [5s 4c]
mabeal1: folds 
Bblack_bosss: raises 60 to 120
bigodes49: calls 60
*** FLOP *** [7h 9d Kc]
Bblack_bosss: bets 355 and is all-in
bigodes49: folds 
Uncalled bet (355) returned to Bblack_bosss
Bblack_bosss collected 240 from pot
*** SUMMARY ***
Total pot 240 | Rake 0 
Board [7h 9d Kc]
Seat 1: bigodes49 (big blind) folded on the Flop
Seat 2: mabeal1 (button) folded before Flop (didn't bet)
Seat 3: Bblack_bosss (small blind) collected (240)



PokerStars Hand #259396427681: Tournament #3967583458, €0.93+€0.07 EUR Hold'em No Limit - Level IV (30/60) - 2026/01/21 0:05:54 CET [2026/01/20 18:05:54 ET]
Table '3967583458 1' 3-max Seat #3 is the button
Seat 1: bigodes49 (575 in chips) 
Seat 2: mabeal1 (330 in chips) 
Seat 3: Bblack_bosss (595 in chips) 
bigodes49: posts small blind 30
mabeal1: posts big blind 60
*** HOLE CARDS ***
Dealt to mabeal1 [As 8d]
Bblack_bosss: folds 
bigodes49: calls 30
mabeal1: raises 270 to 330 and is all-in
bigodes49: folds 
Uncalled bet (270) returned to mabeal1
mabeal1 collected 120 from pot
mabeal1: doesn't show hand 
*** SUMMARY ***
Total pot 120 | Rake 0 
Seat 1: bigodes49 (small blind) folded before Flop
Seat 2: mabeal1 (big blind) collected (120)
Seat 3: Bblack_bosss (button) folded before Flop (didn't bet)



PokerStars Hand #259396431100: Tournament #3967583458, €0.93+€0.07 EUR Hold'em No Limit - Level IV (30/60) - 2026/01/21 0:06:10 CET [2026/01/20 18:06:10 ET]
Table '3967583458 1' 3-max Seat #1 is the button
Seat 1: bigodes49 (515 in chips) 
Seat 2: mabeal1 (390 in chips) 
Seat 3: Bblack_bosss (595 in chips) 
mabeal1: posts small blind 30
Bblack_bosss: posts big blind 60
*** HOLE CARDS ***
Dealt to mabeal1 [Kc As]
bigodes49: folds 
mabeal1: raises 330 to 390 and is all-in
Bblack_bosss: folds 
Uncalled bet (330) returned to mabeal1
mabeal1 collected 120 from pot
mabeal1: doesn't show hand 
*** SUMMARY ***
Total pot 120 | Rake 0 
Seat 1: bigodes49 (button) folded before Flop (didn't bet)
Seat 2: mabeal1 (small blind) collected (120)
Seat 3: Bblack_bosss (big blind) folded before Flop



PokerStars Hand #259396433730: Tournament #3967583458, €0.93+€0.07 EUR Hold'em No Limit - Level IV (30/60) - 2026/01/21 0:06:21 CET [2026/01/20 18:06:21 ET]
Table '3967583458 1' 3-max Seat #2 is the button
Seat 1: bigodes49 (515 in chips) 
Seat 2: mabeal1 (450 in chips) 
Seat 3: Bblack_bosss (535 in chips) 
Bblack_bosss: posts small blind 30
bigodes49: posts big blind 60
*** HOLE CARDS ***
Dealt to mabeal1 [6s 7s]
mabeal1 has timed out
mabeal1: folds 
mabeal1 is sitting out
mabeal1 has returned
Bblack_bosss: raises 120 to 180
bigodes49: folds 
Uncalled bet (120) returned to Bblack_bosss
Bblack_bosss collected 120 from pot
*** SUMMARY ***
Total pot 120 | Rake 0 
Seat 1: bigodes49 (big blind) folded before Flop
Seat 2: mabeal1 (button) folded before Flop (didn't bet)
Seat 3: Bblack_bosss (small blind) collected (120)



PokerStars Hand #259396439046: Tournament #3967583458, €0.93+€0.07 EUR Hold'em No Limit - Level IV (30/60) - 2026/01/21 0:06:45 CET [2026/01/20 18:06:45 ET]
Table '3967583458 1' 3-max Seat #3 is the button
Seat 1: bigodes49 (455 in chips) 
Seat 2: mabeal1 (450 in chips) 
Seat 3: Bblack_bosss (595 in chips) 
bigodes49: posts small blind 30
mabeal1: posts big blind 60
*** HOLE CARDS ***
Dealt to mabeal1 [6d 7h]
Bblack_bosss: folds 
bigodes49: calls 30
mabeal1: checks 
*** FLOP *** [9s 4s Jd]
bigodes49: checks 
mabeal1: bets 120
bigodes49: folds 
Uncalled bet (120) returned to mabeal1
mabeal1 collected 120 from pot
mabeal1: doesn't show hand 
*** SUMMARY ***
Total pot 120 | Rake 0 
Board [9s 4s Jd]
Seat 1: bigodes49 (small blind) folded on the Flop
Seat 2: mabeal1 (big blind) collected (120)
Seat 3: Bblack_bosss (button) folded before Flop (didn't bet)



PokerStars Hand #259396443896: Tournament #3967583458, €0.93+€0.07 EUR Hold'em No Limit - Level IV (30/60) - 2026/01/21 0:07:07 CET [2026/01/20 18:07:07 ET]
Table '3967583458 1' 3-max Seat #1 is the button
Seat 1: bigodes49 (395 in chips) 
Seat 2: mabeal1 (510 in chips) 
Seat 3: Bblack_bosss (595 in chips) 
mabeal1: posts small blind 30
Bblack_bosss: posts big blind 60
*** HOLE CARDS ***
Dealt to mabeal1 [3d 5h]
bigodes49: calls 60
mabeal1: folds 
Bblack_bosss: checks 
*** FLOP *** [Ad 6s 7d]
Bblack_bosss: checks 
bigodes49: bets 60
Bblack_bosss: calls 60
*** TURN *** [Ad 6s 7d] [Ac]
Bblack_bosss: bets 475 and is all-in
bigodes49: calls 275 and is all-in
Uncalled bet (200) returned to Bblack_bosss
*** RIVER *** [Ad 6s 7d Ac] [2c]
*** SHOW DOWN ***
Bblack_bosss: shows [Jd 7c] (two pair, Aces and Sevens)
bigodes49: shows [Qd Qs] (two pair, Aces and Queens)
bigodes49 collected 820 from pot
*** SUMMARY ***
Total pot 820 | Rake 0 
Board [Ad 6s 7d Ac 2c]
Seat 1: bigodes49 (button) showed [Qd Qs] and won (820) with two pair, Aces and Queens
Seat 2: mabeal1 (small blind) folded before Flop
Seat 3: Bblack_bosss (big blind) showed [Jd 7c] and lost with two pair, Aces and Sevens



PokerStars Hand #259396449331: Tournament #3967583458, €0.93+€0.07 EUR Hold'em No Limit - Level V (40/80) - 2026/01/21 0:07:31 CET [2026/01/20 18:07:31 ET]
Table '3967583458 1' 3-max Seat #2 is the button
Seat 1: bigodes49 (820 in chips) 
Seat 2: mabeal1 (480 in chips) 
Seat 3: Bblack_bosss (200 in chips) 
Bblack_bosss: posts small blind 40
bigodes49: posts big blind 80
*** HOLE CARDS ***
Dealt to mabeal1 [6c 7d]
mabeal1: folds 
Bblack_bosss: raises 120 to 200 and is all-in
bigodes49: calls 120
*** FLOP *** [Kc Td 2s]
*** TURN *** [Kc Td 2s] [Qd]
*** RIVER *** [Kc Td 2s Qd] [8h]
*** SHOW DOWN ***
Bblack_bosss: shows [4s 3s] (high card King)
bigodes49: shows [Tc Ad] (a pair of Tens)
bigodes49 collected 400 from pot
Bblack_bosss finished the tournament in 3rd place
*** SUMMARY ***
Total pot 400 | Rake 0 
Board [Kc Td 2s Qd 8h]
Seat 1: bigodes49 (big blind) showed [Tc Ad] and won (400) with a pair of Tens
Seat 2: mabeal1 (button) folded before Flop (didn't bet)
Seat 3: Bblack_bosss (small blind) showed [4s 3s] and lost with high card King



PokerStars Hand #259396453565: Tournament #3967583458, €0.93+€0.07 EUR Hold'em No Limit - Level V (40/80) - 2026/01/21 0:07:49 CET [2026/01/20 18:07:49 ET]
Table '3967583458 1' 3-max Seat #1 is the button
Seat 1: bigodes49 (1020 in chips) 
Seat 2: mabeal1 (480 in chips) 
bigodes49: posts small blind 40
mabeal1: posts big blind 80
*** HOLE CARDS ***
Dealt to mabeal1 [Jd 2d]
bigodes49: raises 80 to 160
mabeal1: raises 320 to 480 and is all-in
bigodes49: calls 320
*** FLOP *** [As 5c Kh]
*** TURN *** [As 5c Kh] [2h]
*** RIVER *** [As 5c Kh 2h] [Js]
*** SHOW DOWN ***
mabeal1: shows [Jd 2d] (two pair, Jacks and Deuces)
bigodes49: shows [8d 9c] (high card Ace)
mabeal1 collected 960 from pot
*** SUMMARY ***
Total pot 960 | Rake 0 
Board [As 5c Kh 2h Js]
Seat 1: bigodes49 (button) (small blind) showed [8d 9c] and lost with high card Ace
Seat 2: mabeal1 (big blind) showed [Jd 2d] and won (960) with two pair, Jacks and Deuces



PokerStars Hand #259396459233: Tournament #3967583458, €0.93+€0.07 EUR Hold'em No Limit - Level V (40/80) - 2026/01/21 0:08:14 CET [2026/01/20 18:08:14 ET]
Table '3967583458 1' 3-max Seat #2 is the button
Seat 1: bigodes49 (540 in chips) 
Seat 2: mabeal1 (960 in chips) 
mabeal1: posts small blind 40
bigodes49: posts big blind 80
*** HOLE CARDS ***
Dealt to mabeal1 [7h 5c]
mabeal1: folds 
Uncalled bet (40) returned to bigodes49
bigodes49 collected 80 from pot
bigodes49: doesn't show hand 
*** SUMMARY ***
Total pot 80 | Rake 0 
Seat 1: bigodes49 (big blind) collected (80)
Seat 2: mabeal1 (button) (small blind) folded before Flop



PokerStars Hand #259396462346: Tournament #3967583458, €0.93+€0.07 EUR Hold'em No Limit - Level V (40/80) - 2026/01/21 0:08:28 CET [2026/01/20 18:08:28 ET]
Table '3967583458 1' 3-max Seat #1 is the button
Seat 1: bigodes49 (580 in chips) 
Seat 2: mabeal1 (920 in chips) 
bigodes49: posts small blind 40
mabeal1: posts big blind 80
*** HOLE CARDS ***
Dealt to mabeal1 [Kd 8c]
bigodes49: calls 40
mabeal1: raises 840 to 920 and is all-in
bigodes49: calls 500 and is all-in
Uncalled bet (340) returned to mabeal1
*** FLOP *** [9h 4d Js]
*** TURN *** [9h 4d Js] [2d]
*** RIVER *** [9h 4d Js 2d] [Ac]
*** SHOW DOWN ***
mabeal1: shows [Kd 8c] (high card Ace)
bigodes49: shows [Jd 7s] (a pair of Jacks)
bigodes49 collected 1160 from pot
*** SUMMARY ***
Total pot 1160 | Rake 0 
Board [9h 4d Js 2d Ac]
Seat 1: bigodes49 (button) (small blind) showed [Jd 7s] and won (1160) with a pair of Jacks
Seat 2: mabeal1 (big blind) showed [Kd 8c] and lost with high card Ace



PokerStars Hand #259396466382: Tournament #3967583458, €0.93+€0.07 EUR Hold'em No Limit - Level V (40/80) - 2026/01/21 0:08:46 CET [2026/01/20 18:08:46 ET]
Table '3967583458 1' 3-max Seat #2 is the button
Seat 1: bigodes49 (1160 in chips) 
Seat 2: mabeal1 (340 in chips) 
mabeal1: posts small blind 40
bigodes49: posts big blind 80
*** HOLE CARDS ***
Dealt to mabeal1 [Ah Js]
mabeal1: raises 80 to 160
bigodes49: calls 80
*** FLOP *** [Td Jh 8h]
bigodes49: checks 
mabeal1: bets 80
bigodes49: folds 
Uncalled bet (80) returned to mabeal1
mabeal1 collected 320 from pot
mabeal1: doesn't show hand 
*** SUMMARY ***
Total pot 320 | Rake 0 
Board [Td Jh 8h]
Seat 1: bigodes49 (big blind) folded on the Flop
Seat 2: mabeal1 (button) (small blind) collected (320)



PokerStars Hand #259396470123: Tournament #3967583458, €0.93+€0.07 EUR Hold'em No Limit - Level V (40/80) - 2026/01/21 0:09:02 CET [2026/01/20 18:09:02 ET]
Table '3967583458 1' 3-max Seat #1 is the button
Seat 1: bigodes49 (1000 in chips) 
Seat 2: mabeal1 (500 in chips) 
bigodes49: posts small blind 40
mabeal1: posts big blind 80
*** HOLE CARDS ***
Dealt to mabeal1 [3s Ts]
bigodes49: raises 80 to 160
mabeal1: folds 
Uncalled bet (80) returned to bigodes49
bigodes49 collected 160 from pot
bigodes49: doesn't show hand 
*** SUMMARY ***
Total pot 160 | Rake 0 
Seat 1: bigodes49 (button) (small blind) collected (160)
Seat 2: mabeal1 (big blind) folded before Flop



PokerStars Hand #259396471914: Tournament #3967583458, €0.93+€0.07 EUR Hold'em No Limit - Level V (40/80) - 2026/01/21 0:09:10 CET [2026/01/20 18:09:10 ET]
Table '3967583458 1' 3-max Seat #2 is the button
Seat 1: bigodes49 (1080 in chips) 
Seat 2: mabeal1 (420 in chips) 
mabeal1: posts small blind 40
bigodes49: posts big blind 80
*** HOLE CARDS ***
Dealt to mabeal1 [7c 8d]
mabeal1: raises 340 to 420 and is all-in
bigodes49: calls 340
*** FLOP *** [6s 5d 9d]
*** TURN *** [6s 5d 9d] [3s]
*** RIVER *** [6s 5d 9d 3s] [Ac]
*** SHOW DOWN ***
bigodes49: shows [7h 6d] (a pair of Sixes)
mabeal1: shows [7c 8d] (a straight, Five to Nine)
mabeal1 collected 840 from pot
*** SUMMARY ***
Total pot 840 | Rake 0 
Board [6s 5d 9d 3s Ac]
Seat 1: bigodes49 (big blind) showed [7h 6d] and lost with a pair of Sixes
Seat 2: mabeal1 (button) (small blind) showed [7c 8d] and won (840) with a straight, Five to Nine



PokerStars Hand #259396474977: Tournament #3967583458, €0.93+€0.07 EUR Hold'em No Limit - Level V (40/80) - 2026/01/21 0:09:23 CET [2026/01/20 18:09:23 ET]
Table '3967583458 1' 3-max Seat #1 is the button
Seat 1: bigodes49 (660 in chips) 
Seat 2: mabeal1 (840 in chips) 
bigodes49: posts small blind 40
mabeal1: posts big blind 80
*** HOLE CARDS ***
Dealt to mabeal1 [9c Kd]
bigodes49: raises 80 to 160
mabeal1: raises 680 to 840 and is all-in
bigodes49: calls 500 and is all-in
Uncalled bet (180) returned to mabeal1
*** FLOP *** [6c 5h 7h]
*** TURN *** [6c 5h 7h] [Ts]
*** RIVER *** [6c 5h 7h Ts] [5c]
*** SHOW DOWN ***
mabeal1: shows [9c Kd] (a pair of Fives)
bigodes49: shows [Ad 9s] (a pair of Fives - Ace kicker)
bigodes49 collected 1320 from pot
*** SUMMARY ***
Total pot 1320 | Rake 0 
Board [6c 5h 7h Ts 5c]
Seat 1: bigodes49 (button) (small blind) showed [Ad 9s] and won (1320) with a pair of Fives
Seat 2: mabeal1 (big blind) showed [9c Kd] and lost with a pair of Fives



