PokerStars Hand #259601853104: Tournament #3972317957, €0.93+€0.07 EUR Hold'em No Limit - Level I (10/20) - 2026/02/05 16:36:16 CET [2026/02/05 10:36:16 ET]
Table '3972317957 1' 3-max Seat #1 is the button
Seat 1: catcoon (500 in chips) 
Seat 2: mabeal1 (500 in chips) 
Seat 3: ferdonabruma (500 in chips) 
mabeal1: posts small blind 10
ferdonabruma: posts big blind 20
*** HOLE CARDS ***
Dealt to mabeal1 [8c 2h]
catcoon: folds 
mabeal1: folds 
Uncalled bet (10) returned to ferdonabruma
ferdonabruma collected 20 from pot
ferdonabruma: doesn't show hand 
*** SUMMARY ***
Total pot 20 | Rake 0 
Seat 1: catcoon (button) folded before Flop (didn't bet)
Seat 2: mabeal1 (small blind) folded before Flop
Seat 3: ferdonabruma (big blind) collected (20)



PokerStars Hand #259601854365: Tournament #3972317957, €0.93+€0.07 EUR Hold'em No Limit - Level I (10/20) - 2026/02/05 16:36:23 CET [2026/02/05 10:36:23 ET]
Table '3972317957 1' 3-max Seat #2 is the button
Seat 1: catcoon (500 in chips) 
Seat 2: mabeal1 (490 in chips) 
Seat 3: ferdonabruma (510 in chips) 
ferdonabruma: posts small blind 10
catcoon: posts big blind 20
*** HOLE CARDS ***
Dealt to mabeal1 [Kc Jd]
mabeal1: raises 30 to 50
ferdonabruma: folds 
catcoon: calls 30
*** FLOP *** [Qh 5h 2h]
catcoon: checks 
mabeal1: checks 
*** TURN *** [Qh 5h 2h] [Qd]
catcoon: bets 20
mabeal1: calls 20
*** RIVER *** [Qh 5h 2h Qd] [Jh]
catcoon: bets 20
mabeal1: calls 20
*** SHOW DOWN ***
catcoon: shows [6d 6h] (a flush, Queen high)
mabeal1: mucks hand 
catcoon collected 190 from pot
*** SUMMARY ***
Total pot 190 | Rake 0 
Board [Qh 5h 2h Qd Jh]
Seat 1: catcoon (big blind) showed [6d 6h] and won (190) with a flush, Queen high
Seat 2: mabeal1 (button) mucked [Kc Jd]
Seat 3: ferdonabruma (small blind) folded before Flop



PokerStars Hand #259601859015: Tournament #3972317957, €0.93+€0.07 EUR Hold'em No Limit - Level I (10/20) - 2026/02/05 16:36:50 CET [2026/02/05 10:36:50 ET]
Table '3972317957 1' 3-max Seat #3 is the button
Seat 1: catcoon (600 in chips) 
Seat 2: mabeal1 (400 in chips) 
Seat 3: ferdonabruma (500 in chips) 
catcoon: posts small blind 10
mabeal1: posts big blind 20
*** HOLE CARDS ***
Dealt to mabeal1 [5s Jd]
ferdonabruma: folds 
catcoon: folds 
Uncalled bet (10) returned to mabeal1
mabeal1 collected 20 from pot
mabeal1: doesn't show hand 
*** SUMMARY ***
Total pot 20 | Rake 0 
Seat 1: catcoon (small blind) folded before Flop
Seat 2: mabeal1 (big blind) collected (20)
Seat 3: ferdonabruma (button) folded before Flop (didn't bet)



PokerStars Hand #259601860257: Tournament #3972317957, €0.93+€0.07 EUR Hold'em No Limit - Level I (10/20) - 2026/02/05 16:36:57 CET [2026/02/05 10:36:57 ET]
Table '3972317957 1' 3-max Seat #1 is the button
Seat 1: catcoon (590 in chips) 
Seat 2: mabeal1 (410 in chips) 
Seat 3: ferdonabruma (500 in chips) 
mabeal1: posts small blind 10
ferdonabruma: posts big blind 20
*** HOLE CARDS ***
Dealt to mabeal1 [2h 8d]
catcoon: folds 
mabeal1: folds 
Uncalled bet (10) returned to ferdonabruma
ferdonabruma collected 20 from pot
ferdonabruma: doesn't show hand 
*** SUMMARY ***
Total pot 20 | Rake 0 
Seat 1: catcoon (button) folded before Flop (didn't bet)
Seat 2: mabeal1 (small blind) folded before Flop
Seat 3: ferdonabruma (big blind) collected (20)



PokerStars Hand #259601861230: Tournament #3972317957, €0.93+€0.07 EUR Hold'em No Limit - Level I (10/20) - 2026/02/05 16:37:03 CET [2026/02/05 10:37:03 ET]
Table '3972317957 1' 3-max Seat #2 is the button
Seat 1: catcoon (590 in chips) 
Seat 2: mabeal1 (400 in chips) 
Seat 3: ferdonabruma (510 in chips) 
ferdonabruma: posts small blind 10
catcoon: posts big blind 20
*** HOLE CARDS ***
Dealt to mabeal1 [5s Th]
mabeal1: folds 
ferdonabruma: calls 10
catcoon: checks 
*** FLOP *** [2d Qh Qd]
ferdonabruma: checks 
catcoon: checks 
*** TURN *** [2d Qh Qd] [Ts]
ferdonabruma: bets 20
catcoon: folds 
Uncalled bet (20) returned to ferdonabruma
ferdonabruma collected 40 from pot
ferdonabruma: doesn't show hand 
*** SUMMARY ***
Total pot 40 | Rake 0 
Board [2d Qh Qd Ts]
Seat 1: catcoon (big blind) folded on the Turn
Seat 2: mabeal1 (button) folded before Flop (didn't bet)
Seat 3: ferdonabruma (small blind) collected (40)



PokerStars Hand #259601864454: Tournament #3972317957, €0.93+€0.07 EUR Hold'em No Limit - Level I (10/20) - 2026/02/05 16:37:22 CET [2026/02/05 10:37:22 ET]
Table '3972317957 1' 3-max Seat #3 is the button
Seat 1: catcoon (570 in chips) 
Seat 2: mabeal1 (400 in chips) 
Seat 3: ferdonabruma (530 in chips) 
catcoon: posts small blind 10
mabeal1: posts big blind 20
*** HOLE CARDS ***
Dealt to mabeal1 [6h Ts]
ferdonabruma: raises 20 to 40
catcoon: folds 
mabeal1: folds 
Uncalled bet (20) returned to ferdonabruma
ferdonabruma collected 50 from pot
ferdonabruma: doesn't show hand 
*** SUMMARY ***
Total pot 50 | Rake 0 
Seat 1: catcoon (small blind) folded before Flop
Seat 2: mabeal1 (big blind) folded before Flop
Seat 3: ferdonabruma (button) collected (50)



PokerStars Hand #259601866079: Tournament #3972317957, €0.93+€0.07 EUR Hold'em No Limit - Level I (10/20) - 2026/02/05 16:37:31 CET [2026/02/05 10:37:31 ET]
Table '3972317957 1' 3-max Seat #1 is the button
Seat 1: catcoon (560 in chips) 
Seat 2: mabeal1 (380 in chips) 
Seat 3: ferdonabruma (560 in chips) 
mabeal1: posts small blind 10
ferdonabruma: posts big blind 20
*** HOLE CARDS ***
Dealt to mabeal1 [6s Qh]
catcoon: folds 
mabeal1: folds 
Uncalled bet (10) returned to ferdonabruma
ferdonabruma collected 20 from pot
ferdonabruma: doesn't show hand 
*** SUMMARY ***
Total pot 20 | Rake 0 
Seat 1: catcoon (button) folded before Flop (didn't bet)
Seat 2: mabeal1 (small blind) folded before Flop
Seat 3: ferdonabruma (big blind) collected (20)



PokerStars Hand #259601868235: Tournament #3972317957, €0.93+€0.07 EUR Hold'em No Limit - Level I (10/20) - 2026/02/05 16:37:44 CET [2026/02/05 10:37:44 ET]
Table '3972317957 1' 3-max Seat #2 is the button
Seat 1: catcoon (560 in chips) 
Seat 2: mabeal1 (370 in chips) 
Seat 3: ferdonabruma (570 in chips) 
ferdonabruma: posts small blind 10
catcoon: posts big blind 20
*** HOLE CARDS ***
Dealt to mabeal1 [Qh 9h]
mabeal1: raises 20 to 40
ferdonabruma: folds 
catcoon: calls 20
*** FLOP *** [Qc 3c 2c]
catcoon: checks 
mabeal1: bets 45
catcoon: raises 475 to 520 and is all-in
mabeal1: calls 285 and is all-in
Uncalled bet (190) returned to catcoon
*** TURN *** [Qc 3c 2c] [Qs]
*** RIVER *** [Qc 3c 2c Qs] [5s]
*** SHOW DOWN ***
catcoon: shows [5c 8c] (a flush, Queen high)
mabeal1: shows [Qh 9h] (three of a kind, Queens)
catcoon collected 750 from pot
mabeal1 finished the tournament in 3rd place
*** SUMMARY ***
Total pot 750 | Rake 0 
Board [Qc 3c 2c Qs 5s]
Seat 1: catcoon (big blind) showed [5c 8c] and won (750) with a flush, Queen high
Seat 2: mabeal1 (button) showed [Qh 9h] and lost with three of a kind, Queens
Seat 3: ferdonabruma (small blind) folded before Flop



