PokerStars Hand #259527295235: Tournament #3970628039, €0.93+€0.07 EUR Hold'em No Limit - Level I (10/20) - 2026/01/30 23:37:13 CET [2026/01/30 17:37:13 ET]
Table '3970628039 1' 3-max Seat #1 is the button
Seat 1: mabeal1 (500 in chips) 
Seat 2: ludobouille (500 in chips) 
Seat 3: GiorgiGaming (500 in chips) 
ludobouille: posts small blind 10
GiorgiGaming: posts big blind 20
*** HOLE CARDS ***
Dealt to mabeal1 [Kd Jh]
mabeal1: raises 20 to 40
ludobouille: calls 30
GiorgiGaming: calls 20
*** FLOP *** [7h 2s As]
ludobouille: bets 60
GiorgiGaming: calls 60
mabeal1: folds 
*** TURN *** [7h 2s As] [4s]
ludobouille: bets 60
GiorgiGaming: calls 60
*** RIVER *** [7h 2s As 4s] [2h]
ludobouille: bets 340 and is all-in
GiorgiGaming: calls 340 and is all-in
*** SHOW DOWN ***
ludobouille: shows [Js Ah] (two pair, Aces and Deuces)
GiorgiGaming: shows [Qs Qd] (two pair, Queens and Deuces)
ludobouille collected 1040 from pot
GiorgiGaming finished the tournament in 3rd place
*** SUMMARY ***
Total pot 1040 | Rake 0 
Board [7h 2s As 4s 2h]
Seat 1: mabeal1 (button) folded on the Flop
Seat 2: ludobouille (small blind) showed [Js Ah] and won (1040) with two pair, Aces and Deuces
Seat 3: GiorgiGaming (big blind) showed [Qs Qd] and lost with two pair, Queens and Deuces



PokerStars Hand #259527306856: Tournament #3970628039, €0.93+€0.07 EUR Hold'em No Limit - Level I (10/20) - 2026/01/30 23:37:59 CET [2026/01/30 17:37:59 ET]
Table '3970628039 1' 3-max Seat #2 is the button
Seat 1: mabeal1 (460 in chips) 
Seat 2: ludobouille (1040 in chips) 
ludobouille: posts small blind 10
mabeal1: posts big blind 20
*** HOLE CARDS ***
Dealt to mabeal1 [3s Qd]
ludobouille: folds 
Uncalled bet (10) returned to mabeal1
mabeal1 collected 20 from pot
mabeal1: doesn't show hand 
*** SUMMARY ***
Total pot 20 | Rake 0 
Seat 1: mabeal1 (big blind) collected (20)
Seat 2: ludobouille (button) (small blind) folded before Flop



PokerStars Hand #259527308252: Tournament #3970628039, €0.93+€0.07 EUR Hold'em No Limit - Level I (10/20) - 2026/01/30 23:38:04 CET [2026/01/30 17:38:04 ET]
Table '3970628039 1' 3-max Seat #1 is the button
Seat 1: mabeal1 (470 in chips) 
Seat 2: ludobouille (1030 in chips) 
mabeal1: posts small blind 10
ludobouille: posts big blind 20
*** HOLE CARDS ***
Dealt to mabeal1 [5h 4c]
mabeal1: calls 10
ludobouille: checks 
*** FLOP *** [9c 3h 8s]
ludobouille: checks 
mabeal1: checks 
*** TURN *** [9c 3h 8s] [Ks]
ludobouille: checks 
mabeal1: bets 40
ludobouille: folds 
Uncalled bet (40) returned to mabeal1
mabeal1 collected 40 from pot
mabeal1: doesn't show hand 
*** SUMMARY ***
Total pot 40 | Rake 0 
Board [9c 3h 8s Ks]
Seat 1: mabeal1 (button) (small blind) collected (40)
Seat 2: ludobouille (big blind) folded on the Turn



PokerStars Hand #259527312624: Tournament #3970628039, €0.93+€0.07 EUR Hold'em No Limit - Level I (10/20) - 2026/01/30 23:38:21 CET [2026/01/30 17:38:21 ET]
Table '3970628039 1' 3-max Seat #2 is the button
Seat 1: mabeal1 (490 in chips) 
Seat 2: ludobouille (1010 in chips) 
ludobouille: posts small blind 10
mabeal1: posts big blind 20
*** HOLE CARDS ***
Dealt to mabeal1 [Qs 8s]
ludobouille: raises 20 to 40
mabeal1: calls 20
*** FLOP *** [5h 9s 8d]
mabeal1: checks 
ludobouille: bets 80
mabeal1: calls 80
*** TURN *** [5h 9s 8d] [As]
mabeal1: checks 
ludobouille: checks 
*** RIVER *** [5h 9s 8d As] [2s]
mabeal1: bets 370 and is all-in
ludobouille: calls 370
*** SHOW DOWN ***
mabeal1: shows [Qs 8s] (a flush, Ace high)
ludobouille: shows [9c 7d] (a pair of Nines)
mabeal1 collected 980 from pot
*** SUMMARY ***
Total pot 980 | Rake 0 
Board [5h 9s 8d As 2s]
Seat 1: mabeal1 (big blind) showed [Qs 8s] and won (980) with a flush, Ace high
Seat 2: ludobouille (button) (small blind) showed [9c 7d] and lost with a pair of Nines



PokerStars Hand #259527318969: Tournament #3970628039, €0.93+€0.07 EUR Hold'em No Limit - Level I (10/20) - 2026/01/30 23:38:46 CET [2026/01/30 17:38:46 ET]
Table '3970628039 1' 3-max Seat #1 is the button
Seat 1: mabeal1 (980 in chips) 
Seat 2: ludobouille (520 in chips) 
mabeal1: posts small blind 10
ludobouille: posts big blind 20
*** HOLE CARDS ***
Dealt to mabeal1 [8d 2s]
mabeal1: calls 10
ludobouille: checks 
*** FLOP *** [8s Td Js]
ludobouille: bets 20
mabeal1: calls 20
*** TURN *** [8s Td Js] [6h]
ludobouille: bets 40
mabeal1: calls 40
*** RIVER *** [8s Td Js 6h] [8c]
ludobouille: bets 160
mabeal1: raises 740 to 900 and is all-in
ludobouille: calls 280 and is all-in
Uncalled bet (460) returned to mabeal1
*** SHOW DOWN ***
mabeal1: shows [8d 2s] (three of a kind, Eights)
ludobouille: shows [8h Jh] (a full house, Eights full of Jacks)
ludobouille collected 1040 from pot
*** SUMMARY ***
Total pot 1040 | Rake 0 
Board [8s Td Js 6h 8c]
Seat 1: mabeal1 (button) (small blind) showed [8d 2s] and lost with three of a kind, Eights
Seat 2: ludobouille (big blind) showed [8h Jh] and won (1040) with a full house, Eights full of Jacks



PokerStars Hand #259527327653: Tournament #3970628039, €0.93+€0.07 EUR Hold'em No Limit - Level II (15/30) - 2026/01/30 23:39:20 CET [2026/01/30 17:39:20 ET]
Table '3970628039 1' 3-max Seat #2 is the button
Seat 1: mabeal1 (460 in chips) 
Seat 2: ludobouille (1040 in chips) 
ludobouille: posts small blind 15
mabeal1: posts big blind 30
*** HOLE CARDS ***
Dealt to mabeal1 [2c Jh]
ludobouille: raises 30 to 60
mabeal1: folds 
Uncalled bet (30) returned to ludobouille
ludobouille collected 60 from pot
*** SUMMARY ***
Total pot 60 | Rake 0 
Seat 1: mabeal1 (big blind) folded before Flop
Seat 2: ludobouille (button) (small blind) collected (60)



PokerStars Hand #259527329877: Tournament #3970628039, €0.93+€0.07 EUR Hold'em No Limit - Level II (15/30) - 2026/01/30 23:39:29 CET [2026/01/30 17:39:29 ET]
Table '3970628039 1' 3-max Seat #1 is the button
Seat 1: mabeal1 (430 in chips) 
Seat 2: ludobouille (1070 in chips) 
mabeal1: posts small blind 15
ludobouille: posts big blind 30
*** HOLE CARDS ***
Dealt to mabeal1 [5h 6d]
mabeal1: calls 15
ludobouille: checks 
*** FLOP *** [4d 8c 8s]
ludobouille: checks 
mabeal1: bets 30
ludobouille: folds 
Uncalled bet (30) returned to mabeal1
mabeal1 collected 60 from pot
mabeal1: doesn't show hand 
*** SUMMARY ***
Total pot 60 | Rake 0 
Board [4d 8c 8s]
Seat 1: mabeal1 (button) (small blind) collected (60)
Seat 2: ludobouille (big blind) folded on the Flop



PokerStars Hand #259527334853: Tournament #3970628039, €0.93+€0.07 EUR Hold'em No Limit - Level II (15/30) - 2026/01/30 23:39:48 CET [2026/01/30 17:39:48 ET]
Table '3970628039 1' 3-max Seat #2 is the button
Seat 1: mabeal1 (460 in chips) 
Seat 2: ludobouille (1040 in chips) 
ludobouille: posts small blind 15
mabeal1: posts big blind 30
*** HOLE CARDS ***
Dealt to mabeal1 [5h Qh]
ludobouille: calls 15
mabeal1: checks 
*** FLOP *** [2s 5d 4h]
mabeal1: checks 
ludobouille: checks 
*** TURN *** [2s 5d 4h] [7h]
mabeal1: bets 60
ludobouille: calls 60
*** RIVER *** [2s 5d 4h 7h] [Qs]
mabeal1: bets 370 and is all-in
ludobouille: folds 
Uncalled bet (370) returned to mabeal1
mabeal1 collected 180 from pot
mabeal1: doesn't show hand 
*** SUMMARY ***
Total pot 180 | Rake 0 
Board [2s 5d 4h 7h Qs]
Seat 1: mabeal1 (big blind) collected (180)
Seat 2: ludobouille (button) (small blind) folded on the River



PokerStars Hand #259527346419: Tournament #3970628039, €0.93+€0.07 EUR Hold'em No Limit - Level II (15/30) - 2026/01/30 23:40:33 CET [2026/01/30 17:40:33 ET]
Table '3970628039 1' 3-max Seat #1 is the button
Seat 1: mabeal1 (550 in chips) 
Seat 2: ludobouille (950 in chips) 
mabeal1: posts small blind 15
ludobouille: posts big blind 30
*** HOLE CARDS ***
Dealt to mabeal1 [5c 7s]
mabeal1: calls 15
ludobouille: checks 
*** FLOP *** [Qd Td Kd]
ludobouille: checks 
mabeal1: checks 
*** TURN *** [Qd Td Kd] [Qs]
ludobouille: checks 
mabeal1: bets 30
ludobouille: calls 30
*** RIVER *** [Qd Td Kd Qs] [2c]
ludobouille: checks 
mabeal1: checks 
*** SHOW DOWN ***
ludobouille: shows [Jd 4h] (a pair of Queens)
mabeal1: mucks hand 
ludobouille collected 120 from pot
*** SUMMARY ***
Total pot 120 | Rake 0 
Board [Qd Td Kd Qs 2c]
Seat 1: mabeal1 (button) (small blind) mucked [5c 7s]
Seat 2: ludobouille (big blind) showed [Jd 4h] and won (120) with a pair of Queens



PokerStars Hand #259527353444: Tournament #3970628039, €0.93+€0.07 EUR Hold'em No Limit - Level II (15/30) - 2026/01/30 23:41:01 CET [2026/01/30 17:41:01 ET]
Table '3970628039 1' 3-max Seat #2 is the button
Seat 1: mabeal1 (490 in chips) 
Seat 2: ludobouille (1010 in chips) 
ludobouille: posts small blind 15
mabeal1: posts big blind 30
*** HOLE CARDS ***
Dealt to mabeal1 [Ac 2h]
ludobouille: folds 
Uncalled bet (15) returned to mabeal1
mabeal1 collected 30 from pot
mabeal1: doesn't show hand 
*** SUMMARY ***
Total pot 30 | Rake 0 
Seat 1: mabeal1 (big blind) collected (30)
Seat 2: ludobouille (button) (small blind) folded before Flop



PokerStars Hand #259527355439: Tournament #3970628039, €0.93+€0.07 EUR Hold'em No Limit - Level II (15/30) - 2026/01/30 23:41:09 CET [2026/01/30 17:41:09 ET]
Table '3970628039 1' 3-max Seat #1 is the button
Seat 1: mabeal1 (505 in chips) 
Seat 2: ludobouille (995 in chips) 
mabeal1: posts small blind 15
ludobouille: posts big blind 30
*** HOLE CARDS ***
Dealt to mabeal1 [Jd 2h]
mabeal1: calls 15
ludobouille: checks 
*** FLOP *** [9d Ks 3c]
ludobouille: bets 30
mabeal1: folds 
Uncalled bet (30) returned to ludobouille
ludobouille collected 60 from pot
*** SUMMARY ***
Total pot 60 | Rake 0 
Board [9d Ks 3c]
Seat 1: mabeal1 (button) (small blind) folded on the Flop
Seat 2: ludobouille (big blind) collected (60)



PokerStars Hand #259527359514: Tournament #3970628039, €0.93+€0.07 EUR Hold'em No Limit - Level III (20/40) - 2026/01/30 23:41:24 CET [2026/01/30 17:41:24 ET]
Table '3970628039 1' 3-max Seat #2 is the button
Seat 1: mabeal1 (475 in chips) 
Seat 2: ludobouille (1025 in chips) 
ludobouille: posts small blind 20
mabeal1: posts big blind 40
*** HOLE CARDS ***
Dealt to mabeal1 [5d Ah]
ludobouille: folds 
Uncalled bet (20) returned to mabeal1
mabeal1 collected 40 from pot
mabeal1: doesn't show hand 
*** SUMMARY ***
Total pot 40 | Rake 0 
Seat 1: mabeal1 (big blind) collected (40)
Seat 2: ludobouille (button) (small blind) folded before Flop



PokerStars Hand #259527364857: Tournament #3970628039, €0.93+€0.07 EUR Hold'em No Limit - Level III (20/40) - 2026/01/30 23:41:45 CET [2026/01/30 17:41:45 ET]
Table '3970628039 1' 3-max Seat #1 is the button
Seat 1: mabeal1 (495 in chips) 
Seat 2: ludobouille (1005 in chips) 
mabeal1: posts small blind 20
ludobouille: posts big blind 40
*** HOLE CARDS ***
Dealt to mabeal1 [6d Ks]
mabeal1: calls 20
ludobouille has timed out
ludobouille: checks 
*** FLOP *** [4s 5h 2s]
ludobouille: checks 
mabeal1: checks 
*** TURN *** [4s 5h 2s] [8d]
ludobouille has timed out
ludobouille: checks 
mabeal1: checks 
*** RIVER *** [4s 5h 2s 8d] [4c]
ludobouille has timed out
ludobouille: checks 
mabeal1: checks 
*** SHOW DOWN ***
ludobouille: shows [Kd Qh] (a pair of Fours)
mabeal1: mucks hand 
ludobouille collected 80 from pot
*** SUMMARY ***
Total pot 80 | Rake 0 
Board [4s 5h 2s 8d 4c]
Seat 1: mabeal1 (button) (small blind) mucked [6d Ks]
Seat 2: ludobouille (big blind) showed [Kd Qh] and won (80) with a pair of Fours



PokerStars Hand #259527381649: Tournament #3970628039, €0.93+€0.07 EUR Hold'em No Limit - Level III (20/40) - 2026/01/30 23:42:50 CET [2026/01/30 17:42:50 ET]
Table '3970628039 1' 3-max Seat #2 is the button
Seat 1: mabeal1 (455 in chips) 
Seat 2: ludobouille (1045 in chips) 
ludobouille: posts small blind 20
mabeal1: posts big blind 40
*** HOLE CARDS ***
Dealt to mabeal1 [Jh Js]
ludobouille has timed out
ludobouille: folds 
ludobouille is sitting out
Uncalled bet (20) returned to mabeal1
mabeal1 collected 40 from pot
mabeal1: doesn't show hand 
*** SUMMARY ***
Total pot 40 | Rake 0 
Seat 1: mabeal1 (big blind) collected (40)
Seat 2: ludobouille (button) (small blind) folded before Flop



PokerStars Hand #259527385461: Tournament #3970628039, €0.93+€0.07 EUR Hold'em No Limit - Level III (20/40) - 2026/01/30 23:43:05 CET [2026/01/30 17:43:05 ET]
Table '3970628039 1' 3-max Seat #1 is the button
Seat 1: mabeal1 (475 in chips) 
Seat 2: ludobouille (1025 in chips) is sitting out
mabeal1: posts small blind 20
ludobouille: posts big blind 40
*** HOLE CARDS ***
Dealt to mabeal1 [Jh 4h]
mabeal1: calls 20
ludobouille: folds 
mabeal1 collected 80 from pot
mabeal1: doesn't show hand 
*** SUMMARY ***
Total pot 80 | Rake 0 
Seat 1: mabeal1 (button) (small blind) collected (80)
Seat 2: ludobouille (big blind) folded before Flop



PokerStars Hand #259527387008: Tournament #3970628039, €0.93+€0.07 EUR Hold'em No Limit - Level III (20/40) - 2026/01/30 23:43:11 CET [2026/01/30 17:43:11 ET]
Table '3970628039 1' 3-max Seat #2 is the button
Seat 1: mabeal1 (515 in chips) 
Seat 2: ludobouille (985 in chips) is sitting out
ludobouille: posts small blind 20
mabeal1: posts big blind 40
*** HOLE CARDS ***
Dealt to mabeal1 [Js Tc]
ludobouille: folds 
Uncalled bet (20) returned to mabeal1
mabeal1 collected 40 from pot
mabeal1: doesn't show hand 
*** SUMMARY ***
Total pot 40 | Rake 0 
Seat 1: mabeal1 (big blind) collected (40)
Seat 2: ludobouille (button) (small blind) folded before Flop



PokerStars Hand #259527387460: Tournament #3970628039, €0.93+€0.07 EUR Hold'em No Limit - Level III (20/40) - 2026/01/30 23:43:13 CET [2026/01/30 17:43:13 ET]
Table '3970628039 1' 3-max Seat #1 is the button
Seat 1: mabeal1 (535 in chips) 
Seat 2: ludobouille (965 in chips) is sitting out
mabeal1: posts small blind 20
ludobouille: posts big blind 40
*** HOLE CARDS ***
Dealt to mabeal1 [Qh Kd]
ludobouille has returned
mabeal1: raises 40 to 80
ludobouille has timed out
ludobouille: folds 
ludobouille is sitting out
Uncalled bet (40) returned to mabeal1
mabeal1 collected 80 from pot
mabeal1: doesn't show hand 
*** SUMMARY ***
Total pot 80 | Rake 0 
Seat 1: mabeal1 (button) (small blind) collected (80)
Seat 2: ludobouille (big blind) folded before Flop



PokerStars Hand #259527393103: Tournament #3970628039, €0.93+€0.07 EUR Hold'em No Limit - Level IV (30/60) - 2026/01/30 23:43:35 CET [2026/01/30 17:43:35 ET]
Table '3970628039 1' 3-max Seat #2 is the button
Seat 1: mabeal1 (575 in chips) 
Seat 2: ludobouille (925 in chips) is sitting out
ludobouille: posts small blind 30
mabeal1: posts big blind 60
*** HOLE CARDS ***
Dealt to mabeal1 [Kh Qh]
ludobouille: folds 
Uncalled bet (30) returned to mabeal1
mabeal1 collected 60 from pot
mabeal1: doesn't show hand 
*** SUMMARY ***
Total pot 60 | Rake 0 
Seat 1: mabeal1 (big blind) collected (60)
Seat 2: ludobouille (button) (small blind) folded before Flop



PokerStars Hand #259527393593: Tournament #3970628039, €0.93+€0.07 EUR Hold'em No Limit - Level IV (30/60) - 2026/01/30 23:43:37 CET [2026/01/30 17:43:37 ET]
Table '3970628039 1' 3-max Seat #1 is the button
Seat 1: mabeal1 (605 in chips) 
Seat 2: ludobouille (895 in chips) is sitting out
mabeal1: posts small blind 30
ludobouille: posts big blind 60
*** HOLE CARDS ***
Dealt to mabeal1 [7d Qd]
mabeal1: calls 30
ludobouille: folds 
mabeal1 collected 120 from pot
mabeal1: doesn't show hand 
*** SUMMARY ***
Total pot 120 | Rake 0 
Seat 1: mabeal1 (button) (small blind) collected (120)
Seat 2: ludobouille (big blind) folded before Flop



PokerStars Hand #259527395219: Tournament #3970628039, €0.93+€0.07 EUR Hold'em No Limit - Level IV (30/60) - 2026/01/30 23:43:43 CET [2026/01/30 17:43:43 ET]
Table '3970628039 1' 3-max Seat #2 is the button
Seat 1: mabeal1 (665 in chips) 
Seat 2: ludobouille (835 in chips) is sitting out
ludobouille: posts small blind 30
mabeal1: posts big blind 60
*** HOLE CARDS ***
Dealt to mabeal1 [9h Ks]
ludobouille: folds 
Uncalled bet (30) returned to mabeal1
mabeal1 collected 60 from pot
mabeal1: doesn't show hand 
*** SUMMARY ***
Total pot 60 | Rake 0 
Seat 1: mabeal1 (big blind) collected (60)
Seat 2: ludobouille (button) (small blind) folded before Flop



PokerStars Hand #259527395697: Tournament #3970628039, €0.93+€0.07 EUR Hold'em No Limit - Level IV (30/60) - 2026/01/30 23:43:45 CET [2026/01/30 17:43:45 ET]
Table '3970628039 1' 3-max Seat #1 is the button
Seat 1: mabeal1 (695 in chips) 
Seat 2: ludobouille (805 in chips) is sitting out
mabeal1: posts small blind 30
ludobouille: posts big blind 60
*** HOLE CARDS ***
Dealt to mabeal1 [4d 3h]
mabeal1: calls 30
ludobouille: folds 
mabeal1 collected 120 from pot
mabeal1: doesn't show hand 
*** SUMMARY ***
Total pot 120 | Rake 0 
Seat 1: mabeal1 (button) (small blind) collected (120)
Seat 2: ludobouille (big blind) folded before Flop



PokerStars Hand #259527397071: Tournament #3970628039, €0.93+€0.07 EUR Hold'em No Limit - Level IV (30/60) - 2026/01/30 23:43:51 CET [2026/01/30 17:43:51 ET]
Table '3970628039 1' 3-max Seat #2 is the button
Seat 1: mabeal1 (755 in chips) 
Seat 2: ludobouille (745 in chips) is sitting out
ludobouille: posts small blind 30
mabeal1: posts big blind 60
*** HOLE CARDS ***
Dealt to mabeal1 [Ad 6h]
ludobouille: folds 
Uncalled bet (30) returned to mabeal1
mabeal1 collected 60 from pot
mabeal1: doesn't show hand 
*** SUMMARY ***
Total pot 60 | Rake 0 
Seat 1: mabeal1 (big blind) collected (60)
Seat 2: ludobouille (button) (small blind) folded before Flop



PokerStars Hand #259527397541: Tournament #3970628039, €0.93+€0.07 EUR Hold'em No Limit - Level IV (30/60) - 2026/01/30 23:43:53 CET [2026/01/30 17:43:53 ET]
Table '3970628039 1' 3-max Seat #1 is the button
Seat 1: mabeal1 (785 in chips) 
Seat 2: ludobouille (715 in chips) is sitting out
mabeal1: posts small blind 30
ludobouille: posts big blind 60
*** HOLE CARDS ***
Dealt to mabeal1 [9d 4c]
ludobouille has returned
mabeal1: calls 30
ludobouille: checks 
*** FLOP *** [Ad 7h Qh]
ludobouille: checks 
mabeal1: bets 60
ludobouille has timed out
ludobouille: folds 
ludobouille is sitting out
Uncalled bet (60) returned to mabeal1
mabeal1 collected 120 from pot
mabeal1: doesn't show hand 
*** SUMMARY ***
Total pot 120 | Rake 0 
Board [Ad 7h Qh]
Seat 1: mabeal1 (button) (small blind) collected (120)
Seat 2: ludobouille (big blind) folded on the Flop



PokerStars Hand #259527407756: Tournament #3970628039, €0.93+€0.07 EUR Hold'em No Limit - Level IV (30/60) - 2026/01/30 23:44:33 CET [2026/01/30 17:44:33 ET]
Table '3970628039 1' 3-max Seat #2 is the button
Seat 1: mabeal1 (845 in chips) 
Seat 2: ludobouille (655 in chips) is sitting out
ludobouille: posts small blind 30
mabeal1: posts big blind 60
*** HOLE CARDS ***
Dealt to mabeal1 [6d Kd]
ludobouille: folds 
Uncalled bet (30) returned to mabeal1
mabeal1 collected 60 from pot
mabeal1: doesn't show hand 
*** SUMMARY ***
Total pot 60 | Rake 0 
Seat 1: mabeal1 (big blind) collected (60)
Seat 2: ludobouille (button) (small blind) folded before Flop



PokerStars Hand #259527408189: Tournament #3970628039, €0.93+€0.07 EUR Hold'em No Limit - Level IV (30/60) - 2026/01/30 23:44:34 CET [2026/01/30 17:44:34 ET]
Table '3970628039 1' 3-max Seat #1 is the button
Seat 1: mabeal1 (875 in chips) 
Seat 2: ludobouille (625 in chips) is sitting out
mabeal1: posts small blind 30
ludobouille: posts big blind 60
*** HOLE CARDS ***
Dealt to mabeal1 [7d 2d]
mabeal1: calls 30
ludobouille: folds 
mabeal1 collected 120 from pot
mabeal1: doesn't show hand 
*** SUMMARY ***
Total pot 120 | Rake 0 
Seat 1: mabeal1 (button) (small blind) collected (120)
Seat 2: ludobouille (big blind) folded before Flop



PokerStars Hand #259527409611: Tournament #3970628039, €0.93+€0.07 EUR Hold'em No Limit - Level IV (30/60) - 2026/01/30 23:44:40 CET [2026/01/30 17:44:40 ET]
Table '3970628039 1' 3-max Seat #2 is the button
Seat 1: mabeal1 (935 in chips) 
Seat 2: ludobouille (565 in chips) is sitting out
ludobouille: posts small blind 30
mabeal1: posts big blind 60
*** HOLE CARDS ***
Dealt to mabeal1 [Jd Ts]
ludobouille: folds 
Uncalled bet (30) returned to mabeal1
mabeal1 collected 60 from pot
mabeal1: doesn't show hand 
*** SUMMARY ***
Total pot 60 | Rake 0 
Seat 1: mabeal1 (big blind) collected (60)
Seat 2: ludobouille (button) (small blind) folded before Flop



PokerStars Hand #259527410082: Tournament #3970628039, €0.93+€0.07 EUR Hold'em No Limit - Level IV (30/60) - 2026/01/30 23:44:42 CET [2026/01/30 17:44:42 ET]
Table '3970628039 1' 3-max Seat #1 is the button
Seat 1: mabeal1 (965 in chips) 
Seat 2: ludobouille (535 in chips) is sitting out
mabeal1: posts small blind 30
ludobouille: posts big blind 60
*** HOLE CARDS ***
Dealt to mabeal1 [8h 2c]
mabeal1: calls 30
ludobouille: folds 
mabeal1 collected 120 from pot
mabeal1: doesn't show hand 
*** SUMMARY ***
Total pot 120 | Rake 0 
Seat 1: mabeal1 (button) (small blind) collected (120)
Seat 2: ludobouille (big blind) folded before Flop



PokerStars Hand #259527411504: Tournament #3970628039, €0.93+€0.07 EUR Hold'em No Limit - Level IV (30/60) - 2026/01/30 23:44:47 CET [2026/01/30 17:44:47 ET]
Table '3970628039 1' 3-max Seat #2 is the button
Seat 1: mabeal1 (1025 in chips) 
Seat 2: ludobouille (475 in chips) is sitting out
ludobouille: posts small blind 30
mabeal1: posts big blind 60
*** HOLE CARDS ***
Dealt to mabeal1 [Jh Ah]
ludobouille: folds 
Uncalled bet (30) returned to mabeal1
ludobouille has returned
mabeal1 collected 60 from pot
mabeal1: doesn't show hand 
*** SUMMARY ***
Total pot 60 | Rake 0 
Seat 1: mabeal1 (big blind) collected (60)
Seat 2: ludobouille (button) (small blind) folded before Flop



PokerStars Hand #259527412003: Tournament #3970628039, €0.93+€0.07 EUR Hold'em No Limit - Level IV (30/60) - 2026/01/30 23:44:49 CET [2026/01/30 17:44:49 ET]
Table '3970628039 1' 3-max Seat #1 is the button
Seat 1: mabeal1 (1055 in chips) 
Seat 2: ludobouille (445 in chips) 
mabeal1: posts small blind 30
ludobouille: posts big blind 60
*** HOLE CARDS ***
Dealt to mabeal1 [Ts Ac]
mabeal1: calls 30
ludobouille: checks 
*** FLOP *** [Kd 7s 9h]
ludobouille: bets 120
mabeal1: folds 
Uncalled bet (120) returned to ludobouille
ludobouille collected 120 from pot
*** SUMMARY ***
Total pot 120 | Rake 0 
Board [Kd 7s 9h]
Seat 1: mabeal1 (button) (small blind) folded on the Flop
Seat 2: ludobouille (big blind) collected (120)



PokerStars Hand #259527415706: Tournament #3970628039, €0.93+€0.07 EUR Hold'em No Limit - Level IV (30/60) - 2026/01/30 23:45:03 CET [2026/01/30 17:45:03 ET]
Table '3970628039 1' 3-max Seat #2 is the button
Seat 1: mabeal1 (995 in chips) 
Seat 2: ludobouille (505 in chips) 
ludobouille: posts small blind 30
mabeal1: posts big blind 60
*** HOLE CARDS ***
Dealt to mabeal1 [8d Kd]
ludobouille: raises 120 to 180
mabeal1: calls 120
*** FLOP *** [6h 9s 8h]
mabeal1: checks 
ludobouille: checks 
*** TURN *** [6h 9s 8h] [Td]
mabeal1: bets 120
ludobouille: calls 120
*** RIVER *** [6h 9s 8h Td] [6c]
mabeal1: bets 240
ludobouille: calls 205 and is all-in
Uncalled bet (35) returned to mabeal1
*** SHOW DOWN ***
mabeal1: shows [8d Kd] (two pair, Eights and Sixes)
ludobouille: shows [Qc Qs] (two pair, Queens and Sixes)
ludobouille collected 1010 from pot
*** SUMMARY ***
Total pot 1010 | Rake 0 
Board [6h 9s 8h Td 6c]
Seat 1: mabeal1 (big blind) showed [8d Kd] and lost with two pair, Eights and Sixes
Seat 2: ludobouille (button) (small blind) showed [Qc Qs] and won (1010) with two pair, Queens and Sixes



PokerStars Hand #259527427236: Tournament #3970628039, €0.93+€0.07 EUR Hold'em No Limit - Level V (40/80) - 2026/01/30 23:45:49 CET [2026/01/30 17:45:49 ET]
Table '3970628039 1' 3-max Seat #1 is the button
Seat 1: mabeal1 (490 in chips) 
Seat 2: ludobouille (1010 in chips) 
mabeal1: posts small blind 40
ludobouille: posts big blind 80
*** HOLE CARDS ***
Dealt to mabeal1 [6s Qs]
mabeal1: raises 410 to 490 and is all-in
ludobouille: folds 
Uncalled bet (410) returned to mabeal1
mabeal1 collected 160 from pot
mabeal1: doesn't show hand 
*** SUMMARY ***
Total pot 160 | Rake 0 
Seat 1: mabeal1 (button) (small blind) collected (160)
Seat 2: ludobouille (big blind) folded before Flop



PokerStars Hand #259527429084: Tournament #3970628039, €0.93+€0.07 EUR Hold'em No Limit - Level V (40/80) - 2026/01/30 23:45:56 CET [2026/01/30 17:45:56 ET]
Table '3970628039 1' 3-max Seat #2 is the button
Seat 1: mabeal1 (570 in chips) 
Seat 2: ludobouille (930 in chips) 
ludobouille: posts small blind 40
mabeal1: posts big blind 80
*** HOLE CARDS ***
Dealt to mabeal1 [7c 9s]
ludobouille: folds 
Uncalled bet (40) returned to mabeal1
mabeal1 collected 80 from pot
mabeal1: doesn't show hand 
*** SUMMARY ***
Total pot 80 | Rake 0 
Seat 1: mabeal1 (big blind) collected (80)
Seat 2: ludobouille (button) (small blind) folded before Flop



PokerStars Hand #259527430397: Tournament #3970628039, €0.93+€0.07 EUR Hold'em No Limit - Level V (40/80) - 2026/01/30 23:46:01 CET [2026/01/30 17:46:01 ET]
Table '3970628039 1' 3-max Seat #1 is the button
Seat 1: mabeal1 (610 in chips) 
Seat 2: ludobouille (890 in chips) 
mabeal1: posts small blind 40
ludobouille: posts big blind 80
*** HOLE CARDS ***
Dealt to mabeal1 [2s 2h]
mabeal1: raises 530 to 610 and is all-in
ludobouille: folds 
Uncalled bet (530) returned to mabeal1
mabeal1 collected 160 from pot
mabeal1: doesn't show hand 
*** SUMMARY ***
Total pot 160 | Rake 0 
Seat 1: mabeal1 (button) (small blind) collected (160)
Seat 2: ludobouille (big blind) folded before Flop



PokerStars Hand #259527433595: Tournament #3970628039, €0.93+€0.07 EUR Hold'em No Limit - Level V (40/80) - 2026/01/30 23:46:14 CET [2026/01/30 17:46:14 ET]
Table '3970628039 1' 3-max Seat #2 is the button
Seat 1: mabeal1 (690 in chips) 
Seat 2: ludobouille (810 in chips) 
ludobouille: posts small blind 40
mabeal1: posts big blind 80
*** HOLE CARDS ***
Dealt to mabeal1 [Jc 6s]
ludobouille: calls 40
mabeal1: checks 
*** FLOP *** [8h Jh 4h]
mabeal1: bets 610 and is all-in
ludobouille: folds 
Uncalled bet (610) returned to mabeal1
mabeal1 collected 160 from pot
mabeal1: doesn't show hand 
*** SUMMARY ***
Total pot 160 | Rake 0 
Board [8h Jh 4h]
Seat 1: mabeal1 (big blind) collected (160)
Seat 2: ludobouille (button) (small blind) folded on the Flop



PokerStars Hand #259527438950: Tournament #3970628039, €0.93+€0.07 EUR Hold'em No Limit - Level V (40/80) - 2026/01/30 23:46:35 CET [2026/01/30 17:46:35 ET]
Table '3970628039 1' 3-max Seat #1 is the button
Seat 1: mabeal1 (770 in chips) 
Seat 2: ludobouille (730 in chips) 
mabeal1: posts small blind 40
ludobouille: posts big blind 80
*** HOLE CARDS ***
Dealt to mabeal1 [4h 4c]
mabeal1: raises 690 to 770 and is all-in
ludobouille: folds 
Uncalled bet (690) returned to mabeal1
mabeal1 collected 160 from pot
mabeal1: doesn't show hand 
*** SUMMARY ***
Total pot 160 | Rake 0 
Seat 1: mabeal1 (button) (small blind) collected (160)
Seat 2: ludobouille (big blind) folded before Flop



PokerStars Hand #259527440980: Tournament #3970628039, €0.93+€0.07 EUR Hold'em No Limit - Level V (40/80) - 2026/01/30 23:46:43 CET [2026/01/30 17:46:43 ET]
Table '3970628039 1' 3-max Seat #2 is the button
Seat 1: mabeal1 (850 in chips) 
Seat 2: ludobouille (650 in chips) 
ludobouille: posts small blind 40
mabeal1: posts big blind 80
*** HOLE CARDS ***
Dealt to mabeal1 [6d 4c]
ludobouille has timed out
ludobouille: folds 
ludobouille is sitting out
Uncalled bet (40) returned to mabeal1
mabeal1 collected 80 from pot
mabeal1: doesn't show hand 
ludobouille has returned
*** SUMMARY ***
Total pot 80 | Rake 0 
Seat 1: mabeal1 (big blind) collected (80)
Seat 2: ludobouille (button) (small blind) folded before Flop



PokerStars Hand #259527444832: Tournament #3970628039, €0.93+€0.07 EUR Hold'em No Limit - Level V (40/80) - 2026/01/30 23:46:58 CET [2026/01/30 17:46:58 ET]
Table '3970628039 1' 3-max Seat #1 is the button
Seat 1: mabeal1 (890 in chips) 
Seat 2: ludobouille (610 in chips) 
mabeal1: posts small blind 40
ludobouille: posts big blind 80
*** HOLE CARDS ***
Dealt to mabeal1 [Ah Th]
mabeal1: raises 810 to 890 and is all-in
ludobouille: folds 
Uncalled bet (810) returned to mabeal1
mabeal1 collected 160 from pot
mabeal1: doesn't show hand 
*** SUMMARY ***
Total pot 160 | Rake 0 
Seat 1: mabeal1 (button) (small blind) collected (160)
Seat 2: ludobouille (big blind) folded before Flop



PokerStars Hand #259527448706: Tournament #3970628039, €0.93+€0.07 EUR Hold'em No Limit - Level V (40/80) - 2026/01/30 23:47:13 CET [2026/01/30 17:47:13 ET]
Table '3970628039 1' 3-max Seat #2 is the button
Seat 1: mabeal1 (970 in chips) 
Seat 2: ludobouille (530 in chips) 
ludobouille: posts small blind 40
mabeal1: posts big blind 80
*** HOLE CARDS ***
Dealt to mabeal1 [Jd Kd]
ludobouille: folds 
Uncalled bet (40) returned to mabeal1
mabeal1 collected 80 from pot
mabeal1: doesn't show hand 
*** SUMMARY ***
Total pot 80 | Rake 0 
Seat 1: mabeal1 (big blind) collected (80)
Seat 2: ludobouille (button) (small blind) folded before Flop



PokerStars Hand #259527450669: Tournament #3970628039, €0.93+€0.07 EUR Hold'em No Limit - Level VI (50/100) - 2026/01/30 23:47:21 CET [2026/01/30 17:47:21 ET]
Table '3970628039 1' 3-max Seat #1 is the button
Seat 1: mabeal1 (1010 in chips) 
Seat 2: ludobouille (490 in chips) 
mabeal1: posts small blind 50
ludobouille: posts big blind 100
*** HOLE CARDS ***
Dealt to mabeal1 [6c 9c]
mabeal1: raises 500 to 600
ludobouille: calls 390 and is all-in
Uncalled bet (110) returned to mabeal1
*** FLOP *** [Th Kd 3d]
*** TURN *** [Th Kd 3d] [8d]
*** RIVER *** [Th Kd 3d 8d] [5h]
*** SHOW DOWN ***
ludobouille: shows [As 5s] (a pair of Fives)
mabeal1: shows [6c 9c] (high card King)
ludobouille collected 980 from pot
*** SUMMARY ***
Total pot 980 | Rake 0 
Board [Th Kd 3d 8d 5h]
Seat 1: mabeal1 (button) (small blind) showed [6c 9c] and lost with high card King
Seat 2: ludobouille (big blind) showed [As 5s] and won (980) with a pair of Fives



PokerStars Hand #259527457667: Tournament #3970628039, €0.93+€0.07 EUR Hold'em No Limit - Level VI (50/100) - 2026/01/30 23:47:48 CET [2026/01/30 17:47:48 ET]
Table '3970628039 1' 3-max Seat #2 is the button
Seat 1: mabeal1 (520 in chips) 
Seat 2: ludobouille (980 in chips) 
ludobouille: posts small blind 50
mabeal1: posts big blind 100
*** HOLE CARDS ***
Dealt to mabeal1 [9s 4s]
ludobouille: folds 
Uncalled bet (50) returned to mabeal1
mabeal1 collected 100 from pot
mabeal1: doesn't show hand 
*** SUMMARY ***
Total pot 100 | Rake 0 
Seat 1: mabeal1 (big blind) collected (100)
Seat 2: ludobouille (button) (small blind) folded before Flop



PokerStars Hand #259527459620: Tournament #3970628039, €0.93+€0.07 EUR Hold'em No Limit - Level VI (50/100) - 2026/01/30 23:47:55 CET [2026/01/30 17:47:55 ET]
Table '3970628039 1' 3-max Seat #1 is the button
Seat 1: mabeal1 (570 in chips) 
Seat 2: ludobouille (930 in chips) 
mabeal1: posts small blind 50
ludobouille: posts big blind 100
*** HOLE CARDS ***
Dealt to mabeal1 [8s Ah]
mabeal1: raises 470 to 570 and is all-in
ludobouille: calls 470
*** FLOP *** [Td 2s 4s]
*** TURN *** [Td 2s 4s] [9s]
*** RIVER *** [Td 2s 4s 9s] [Qd]
*** SHOW DOWN ***
ludobouille: shows [Qs Tc] (two pair, Queens and Tens)
mabeal1: shows [8s Ah] (high card Ace)
ludobouille collected 1140 from pot
mabeal1 finished the tournament in 2nd place
ludobouille wins the tournament and receives €2.00 - congratulations!
*** SUMMARY ***
Total pot 1140 | Rake 0 
Board [Td 2s 4s 9s Qd]
Seat 1: mabeal1 (button) (small blind) showed [8s Ah] and lost with high card Ace
Seat 2: ludobouille (big blind) showed [Qs Tc] and won (1140) with two pair, Queens and Tens



