PokerStars Hand #259543442651: Tournament #3970997551, €0.93+€0.07 EUR Hold'em No Limit - Level I (10/20) - 2026/02/01 3:10:43 CET [2026/01/31 21:10:43 ET]
Table '3970997551 1' 3-max Seat #1 is the button
Seat 1: antoniomojin (500 in chips) 
Seat 2: mabeal1 (500 in chips) 
Seat 3: pescadili r (500 in chips) 
mabeal1: posts small blind 10
pescadili r: posts big blind 20
*** HOLE CARDS ***
Dealt to mabeal1 [7s Jc]
antoniomojin: folds 
mabeal1: raises 30 to 50
pescadili r: calls 30
*** FLOP *** [Ac 5h Qs]
mabeal1: bets 40
pescadili r: folds 
Uncalled bet (40) returned to mabeal1
mabeal1 collected 100 from pot
mabeal1: doesn't show hand 
*** SUMMARY ***
Total pot 100 | Rake 0 
Board [Ac 5h Qs]
Seat 1: antoniomojin (button) folded before Flop (didn't bet)
Seat 2: mabeal1 (small blind) collected (100)
Seat 3: pescadili r (big blind) folded on the Flop



PokerStars Hand #259543446759: Tournament #3970997551, €0.93+€0.07 EUR Hold'em No Limit - Level I (10/20) - 2026/02/01 3:11:11 CET [2026/01/31 21:11:11 ET]
Table '3970997551 1' 3-max Seat #2 is the button
Seat 1: antoniomojin (500 in chips) 
Seat 2: mabeal1 (550 in chips) 
Seat 3: pescadili r (450 in chips) 
pescadili r: posts small blind 10
antoniomojin: posts big blind 20
*** HOLE CARDS ***
Dealt to mabeal1 [Jh 2c]
mabeal1: folds 
pescadili r: raises 20 to 40
antoniomojin: calls 20
*** FLOP *** [8d Js Ah]
pescadili r: checks 
antoniomojin: checks 
*** TURN *** [8d Js Ah] [Qc]
pescadili r: bets 20
antoniomojin: calls 20
*** RIVER *** [8d Js Ah Qc] [6h]
pescadili r: bets 60
antoniomojin: folds 
Uncalled bet (60) returned to pescadili r
pescadili r collected 120 from pot
*** SUMMARY ***
Total pot 120 | Rake 0 
Board [8d Js Ah Qc 6h]
Seat 1: antoniomojin (big blind) folded on the River
Seat 2: mabeal1 (button) folded before Flop (didn't bet)
Seat 3: pescadili r (small blind) collected (120)



PokerStars Hand #259543451503: Tournament #3970997551, €0.93+€0.07 EUR Hold'em No Limit - Level I (10/20) - 2026/02/01 3:11:45 CET [2026/01/31 21:11:45 ET]
Table '3970997551 1' 3-max Seat #3 is the button
Seat 1: antoniomojin (440 in chips) 
Seat 2: mabeal1 (550 in chips) 
Seat 3: pescadili r (510 in chips) 
antoniomojin: posts small blind 10
mabeal1: posts big blind 20
*** HOLE CARDS ***
Dealt to mabeal1 [Qd As]
pescadili r: calls 20
antoniomojin: folds 
mabeal1: raises 60 to 80
pescadili r: calls 60
*** FLOP *** [4h Ks 9s]
mabeal1: bets 60
pescadili r: folds 
Uncalled bet (60) returned to mabeal1
mabeal1 collected 170 from pot
mabeal1: doesn't show hand 
*** SUMMARY ***
Total pot 170 | Rake 0 
Board [4h Ks 9s]
Seat 1: antoniomojin (small blind) folded before Flop
Seat 2: mabeal1 (big blind) collected (170)
Seat 3: pescadili r (button) folded on the Flop



PokerStars Hand #259543453965: Tournament #3970997551, €0.93+€0.07 EUR Hold'em No Limit - Level I (10/20) - 2026/02/01 3:12:01 CET [2026/01/31 21:12:01 ET]
Table '3970997551 1' 3-max Seat #1 is the button
Seat 1: antoniomojin (430 in chips) 
Seat 2: mabeal1 (640 in chips) 
Seat 3: pescadili r (430 in chips) 
mabeal1: posts small blind 10
pescadili r: posts big blind 20
*** HOLE CARDS ***
Dealt to mabeal1 [Tc 4c]
antoniomojin: folds 
mabeal1: folds 
Uncalled bet (10) returned to pescadili r
pescadili r collected 20 from pot
*** SUMMARY ***
Total pot 20 | Rake 0 
Seat 1: antoniomojin (button) folded before Flop (didn't bet)
Seat 2: mabeal1 (small blind) folded before Flop
Seat 3: pescadili r (big blind) collected (20)



PokerStars Hand #259543455449: Tournament #3970997551, €0.93+€0.07 EUR Hold'em No Limit - Level I (10/20) - 2026/02/01 3:12:12 CET [2026/01/31 21:12:12 ET]
Table '3970997551 1' 3-max Seat #2 is the button
Seat 1: antoniomojin (430 in chips) 
Seat 2: mabeal1 (630 in chips) 
Seat 3: pescadili r (440 in chips) 
pescadili r: posts small blind 10
antoniomojin: posts big blind 20
*** HOLE CARDS ***
Dealt to mabeal1 [4d 6h]
mabeal1: folds 
pescadili r: raises 20 to 40
antoniomojin: calls 20
*** FLOP *** [6d Ad 6s]
pescadili r: checks 
antoniomojin: checks 
*** TURN *** [6d Ad 6s] [9s]
pescadili r: checks 
antoniomojin: checks 
*** RIVER *** [6d Ad 6s 9s] [Ah]
pescadili r: checks 
antoniomojin: checks 
*** SHOW DOWN ***
pescadili r: shows [3s 5s] (two pair, Aces and Sixes)
antoniomojin: shows [7c Jh] (two pair, Aces and Sixes - Jack kicker)
antoniomojin collected 80 from pot
*** SUMMARY ***
Total pot 80 | Rake 0 
Board [6d Ad 6s 9s Ah]
Seat 1: antoniomojin (big blind) showed [7c Jh] and won (80) with two pair, Aces and Sixes
Seat 2: mabeal1 (button) folded before Flop (didn't bet)
Seat 3: pescadili r (small blind) showed [3s 5s] and lost with two pair, Aces and Sixes



PokerStars Hand #259543458987: Tournament #3970997551, €0.93+€0.07 EUR Hold'em No Limit - Level I (10/20) - 2026/02/01 3:12:38 CET [2026/01/31 21:12:38 ET]
Table '3970997551 1' 3-max Seat #3 is the button
Seat 1: antoniomojin (470 in chips) 
Seat 2: mabeal1 (630 in chips) 
Seat 3: pescadili r (400 in chips) 
antoniomojin: posts small blind 10
mabeal1: posts big blind 20
*** HOLE CARDS ***
Dealt to mabeal1 [6c 2s]
pescadili r: raises 20 to 40
antoniomojin: folds 
mabeal1: folds 
Uncalled bet (20) returned to pescadili r
pescadili r collected 50 from pot
*** SUMMARY ***
Total pot 50 | Rake 0 
Seat 1: antoniomojin (small blind) folded before Flop
Seat 2: mabeal1 (big blind) folded before Flop
Seat 3: pescadili r (button) collected (50)



PokerStars Hand #259543461000: Tournament #3970997551, €0.93+€0.07 EUR Hold'em No Limit - Level II (15/30) - 2026/02/01 3:12:52 CET [2026/01/31 21:12:52 ET]
Table '3970997551 1' 3-max Seat #1 is the button
Seat 1: antoniomojin (460 in chips) 
Seat 2: mabeal1 (610 in chips) 
Seat 3: pescadili r (430 in chips) 
mabeal1: posts small blind 15
pescadili r: posts big blind 30
*** HOLE CARDS ***
Dealt to mabeal1 [4c 6s]
antoniomojin: folds 
mabeal1: folds 
Uncalled bet (15) returned to pescadili r
pescadili r collected 30 from pot
*** SUMMARY ***
Total pot 30 | Rake 0 
Seat 1: antoniomojin (button) folded before Flop (didn't bet)
Seat 2: mabeal1 (small blind) folded before Flop
Seat 3: pescadili r (big blind) collected (30)



PokerStars Hand #259543461674: Tournament #3970997551, €0.93+€0.07 EUR Hold'em No Limit - Level II (15/30) - 2026/02/01 3:12:56 CET [2026/01/31 21:12:56 ET]
Table '3970997551 1' 3-max Seat #2 is the button
Seat 1: antoniomojin (460 in chips) 
Seat 2: mabeal1 (595 in chips) 
Seat 3: pescadili r (445 in chips) 
pescadili r: posts small blind 15
antoniomojin: posts big blind 30
*** HOLE CARDS ***
Dealt to mabeal1 [4h 3h]
mabeal1: folds 
pescadili r: raises 30 to 60
antoniomojin: calls 30
*** FLOP *** [9d Js Kh]
pescadili r: checks 
antoniomojin: checks 
*** TURN *** [9d Js Kh] [As]
pescadili r: bets 30
antoniomojin: calls 30
*** RIVER *** [9d Js Kh As] [2c]
pescadili r: checks 
antoniomojin: checks 
*** SHOW DOWN ***
pescadili r: shows [Jc 7c] (a pair of Jacks)
antoniomojin: mucks hand 
pescadili r collected 180 from pot
*** SUMMARY ***
Total pot 180 | Rake 0 
Board [9d Js Kh As 2c]
Seat 1: antoniomojin (big blind) mucked [Qd 8d]
Seat 2: mabeal1 (button) folded before Flop (didn't bet)
Seat 3: pescadili r (small blind) showed [Jc 7c] and won (180) with a pair of Jacks



PokerStars Hand #259543465199: Tournament #3970997551, €0.93+€0.07 EUR Hold'em No Limit - Level II (15/30) - 2026/02/01 3:13:22 CET [2026/01/31 21:13:22 ET]
Table '3970997551 1' 3-max Seat #3 is the button
Seat 1: antoniomojin (370 in chips) 
Seat 2: mabeal1 (595 in chips) 
Seat 3: pescadili r (535 in chips) 
antoniomojin: posts small blind 15
mabeal1: posts big blind 30
*** HOLE CARDS ***
Dealt to mabeal1 [6d 6c]
pescadili r: calls 30
antoniomojin: raises 30 to 60
mabeal1: raises 535 to 595 and is all-in
pescadili r: folds 
antoniomojin: folds 
Uncalled bet (535) returned to mabeal1
mabeal1 collected 150 from pot
mabeal1: doesn't show hand 
*** SUMMARY ***
Total pot 150 | Rake 0 
Seat 1: antoniomojin (small blind) folded before Flop
Seat 2: mabeal1 (big blind) collected (150)
Seat 3: pescadili r (button) folded before Flop



PokerStars Hand #259543467947: Tournament #3970997551, €0.93+€0.07 EUR Hold'em No Limit - Level II (15/30) - 2026/02/01 3:13:41 CET [2026/01/31 21:13:41 ET]
Table '3970997551 1' 3-max Seat #1 is the button
Seat 1: antoniomojin (310 in chips) 
Seat 2: mabeal1 (685 in chips) 
Seat 3: pescadili r (505 in chips) 
mabeal1: posts small blind 15
pescadili r: posts big blind 30
*** HOLE CARDS ***
Dealt to mabeal1 [Qc 2h]
antoniomojin: folds 
mabeal1: folds 
Uncalled bet (15) returned to pescadili r
pescadili r collected 30 from pot
*** SUMMARY ***
Total pot 30 | Rake 0 
Seat 1: antoniomojin (button) folded before Flop (didn't bet)
Seat 2: mabeal1 (small blind) folded before Flop
Seat 3: pescadili r (big blind) collected (30)



PokerStars Hand #259543469401: Tournament #3970997551, €0.93+€0.07 EUR Hold'em No Limit - Level II (15/30) - 2026/02/01 3:13:51 CET [2026/01/31 21:13:51 ET]
Table '3970997551 1' 3-max Seat #2 is the button
Seat 1: antoniomojin (310 in chips) 
Seat 2: mabeal1 (670 in chips) 
Seat 3: pescadili r (520 in chips) 
pescadili r: posts small blind 15
antoniomojin: posts big blind 30
*** HOLE CARDS ***
Dealt to mabeal1 [4s 7h]
mabeal1: folds 
pescadili r: calls 15
antoniomojin: checks 
*** FLOP *** [2c 7s Ac]
pescadili r: bets 30
antoniomojin: calls 30
*** TURN *** [2c 7s Ac] [5d]
pescadili r: bets 90
antoniomojin: raises 160 to 250 and is all-in
pescadili r: calls 160
*** RIVER *** [2c 7s Ac 5d] [Tc]
*** SHOW DOWN ***
pescadili r: shows [2d 2s] (three of a kind, Deuces)
antoniomojin: shows [7d 8s] (a pair of Sevens)
pescadili r collected 620 from pot
antoniomojin finished the tournament in 3rd place
*** SUMMARY ***
Total pot 620 | Rake 0 
Board [2c 7s Ac 5d Tc]
Seat 1: antoniomojin (big blind) showed [7d 8s] and lost with a pair of Sevens
Seat 2: mabeal1 (button) folded before Flop (didn't bet)
Seat 3: pescadili r (small blind) showed [2d 2s] and won (620) with three of a kind, Deuces



PokerStars Hand #259543473513: Tournament #3970997551, €0.93+€0.07 EUR Hold'em No Limit - Level II (15/30) - 2026/02/01 3:14:22 CET [2026/01/31 21:14:22 ET]
Table '3970997551 1' 3-max Seat #3 is the button
Seat 2: mabeal1 (670 in chips) 
Seat 3: pescadili r (830 in chips) 
pescadili r: posts small blind 15
mabeal1: posts big blind 30
*** HOLE CARDS ***
Dealt to mabeal1 [4h Qd]
pescadili r: raises 30 to 60
mabeal1: folds 
Uncalled bet (30) returned to pescadili r
pescadili r collected 60 from pot
*** SUMMARY ***
Total pot 60 | Rake 0 
Seat 2: mabeal1 (big blind) folded before Flop
Seat 3: pescadili r (button) (small blind) collected (60)



PokerStars Hand #259543474711: Tournament #3970997551, €0.93+€0.07 EUR Hold'em No Limit - Level II (15/30) - 2026/02/01 3:14:30 CET [2026/01/31 21:14:30 ET]
Table '3970997551 1' 3-max Seat #2 is the button
Seat 2: mabeal1 (640 in chips) 
Seat 3: pescadili r (860 in chips) 
mabeal1: posts small blind 15
pescadili r: posts big blind 30
*** HOLE CARDS ***
Dealt to mabeal1 [7h 3d]
mabeal1: folds 
Uncalled bet (15) returned to pescadili r
pescadili r collected 30 from pot
*** SUMMARY ***
Total pot 30 | Rake 0 
Seat 2: mabeal1 (button) (small blind) folded before Flop
Seat 3: pescadili r (big blind) collected (30)



PokerStars Hand #259543475837: Tournament #3970997551, €0.93+€0.07 EUR Hold'em No Limit - Level II (15/30) - 2026/02/01 3:14:38 CET [2026/01/31 21:14:38 ET]
Table '3970997551 1' 3-max Seat #3 is the button
Seat 2: mabeal1 (625 in chips) 
Seat 3: pescadili r (875 in chips) 
pescadili r: posts small blind 15
mabeal1: posts big blind 30
*** HOLE CARDS ***
Dealt to mabeal1 [Jc Ad]
pescadili r: calls 15
mabeal1: raises 60 to 90
pescadili r: calls 60
*** FLOP *** [6c Qh 5c]
mabeal1: bets 60
pescadili r: calls 60
*** TURN *** [6c Qh 5c] [Ks]
mabeal1: checks 
pescadili r: checks 
*** RIVER *** [6c Qh 5c Ks] [2c]
mabeal1: checks 
pescadili r: checks 
*** SHOW DOWN ***
mabeal1: shows [Jc Ad] (high card Ace)
pescadili r: shows [Td 6d] (a pair of Sixes)
pescadili r collected 300 from pot
*** SUMMARY ***
Total pot 300 | Rake 0 
Board [6c Qh 5c Ks 2c]
Seat 2: mabeal1 (big blind) showed [Jc Ad] and lost with high card Ace
Seat 3: pescadili r (button) (small blind) showed [Td 6d] and won (300) with a pair of Sixes



PokerStars Hand #259543480132: Tournament #3970997551, €0.93+€0.07 EUR Hold'em No Limit - Level III (20/40) - 2026/02/01 3:15:09 CET [2026/01/31 21:15:09 ET]
Table '3970997551 1' 3-max Seat #2 is the button
Seat 2: mabeal1 (475 in chips) 
Seat 3: pescadili r (1025 in chips) 
mabeal1: posts small blind 20
pescadili r: posts big blind 40
*** HOLE CARDS ***
Dealt to mabeal1 [3d Qh]
mabeal1: calls 20
pescadili r: raises 40 to 80
mabeal1: folds 
Uncalled bet (40) returned to pescadili r
pescadili r collected 80 from pot
*** SUMMARY ***
Total pot 80 | Rake 0 
Seat 2: mabeal1 (button) (small blind) folded before Flop
Seat 3: pescadili r (big blind) collected (80)



PokerStars Hand #259543481105: Tournament #3970997551, €0.93+€0.07 EUR Hold'em No Limit - Level III (20/40) - 2026/02/01 3:15:16 CET [2026/01/31 21:15:16 ET]
Table '3970997551 1' 3-max Seat #3 is the button
Seat 2: mabeal1 (435 in chips) 
Seat 3: pescadili r (1065 in chips) 
pescadili r: posts small blind 20
mabeal1: posts big blind 40
*** HOLE CARDS ***
Dealt to mabeal1 [8s Ac]
pescadili r: calls 20
mabeal1: raises 395 to 435 and is all-in
pescadili r: calls 395
*** FLOP *** [Jh As Ah]
*** TURN *** [Jh As Ah] [3h]
*** RIVER *** [Jh As Ah 3h] [4d]
*** SHOW DOWN ***
mabeal1: shows [8s Ac] (three of a kind, Aces)
pescadili r: shows [5c 4s] (two pair, Aces and Fours)
mabeal1 collected 870 from pot
*** SUMMARY ***
Total pot 870 | Rake 0 
Board [Jh As Ah 3h 4d]
Seat 2: mabeal1 (big blind) showed [8s Ac] and won (870) with three of a kind, Aces
Seat 3: pescadili r (button) (small blind) showed [5c 4s] and lost with two pair, Aces and Fours



PokerStars Hand #259543482805: Tournament #3970997551, €0.93+€0.07 EUR Hold'em No Limit - Level III (20/40) - 2026/02/01 3:15:29 CET [2026/01/31 21:15:29 ET]
Table '3970997551 1' 3-max Seat #2 is the button
Seat 2: mabeal1 (870 in chips) 
Seat 3: pescadili r (630 in chips) 
mabeal1: posts small blind 20
pescadili r: posts big blind 40
*** HOLE CARDS ***
Dealt to mabeal1 [9s Jh]
mabeal1: raises 40 to 80
pescadili r: calls 40
*** FLOP *** [6c 3c 4h]
pescadili r: checks 
mabeal1: checks 
*** TURN *** [6c 3c 4h] [5h]
pescadili r: checks 
mabeal1: checks 
*** RIVER *** [6c 3c 4h 5h] [Js]
pescadili r: bets 40
mabeal1: raises 750 to 790 and is all-in
pescadili r: calls 510 and is all-in
Uncalled bet (240) returned to mabeal1
*** SHOW DOWN ***
mabeal1: shows [9s Jh] (a pair of Jacks)
pescadili r: shows [Kc 7h] (a straight, Three to Seven)
pescadili r collected 1260 from pot
*** SUMMARY ***
Total pot 1260 | Rake 0 
Board [6c 3c 4h 5h Js]
Seat 2: mabeal1 (button) (small blind) showed [9s Jh] and lost with a pair of Jacks
Seat 3: pescadili r (big blind) showed [Kc 7h] and won (1260) with a straight, Three to Seven



PokerStars Hand #259543485842: Tournament #3970997551, €0.93+€0.07 EUR Hold'em No Limit - Level III (20/40) - 2026/02/01 3:15:51 CET [2026/01/31 21:15:51 ET]
Table '3970997551 1' 3-max Seat #3 is the button
Seat 2: mabeal1 (240 in chips) 
Seat 3: pescadili r (1260 in chips) 
pescadili r: posts small blind 20
mabeal1: posts big blind 40
*** HOLE CARDS ***
Dealt to mabeal1 [Qc Qh]
pescadili r: calls 20
mabeal1: raises 200 to 240 and is all-in
pescadili r: calls 200
*** FLOP *** [Js Qd 7c]
*** TURN *** [Js Qd 7c] [8s]
*** RIVER *** [Js Qd 7c 8s] [Ks]
*** SHOW DOWN ***
mabeal1: shows [Qc Qh] (three of a kind, Queens)
pescadili r: shows [5c Td] (high card King)
mabeal1 collected 480 from pot
*** SUMMARY ***
Total pot 480 | Rake 0 
Board [Js Qd 7c 8s Ks]
Seat 2: mabeal1 (big blind) showed [Qc Qh] and won (480) with three of a kind, Queens
Seat 3: pescadili r (button) (small blind) showed [5c Td] and lost with high card King



PokerStars Hand #259543488002: Tournament #3970997551, €0.93+€0.07 EUR Hold'em No Limit - Level III (20/40) - 2026/02/01 3:16:07 CET [2026/01/31 21:16:07 ET]
Table '3970997551 1' 3-max Seat #2 is the button
Seat 2: mabeal1 (480 in chips) 
Seat 3: pescadili r (1020 in chips) 
mabeal1: posts small blind 20
pescadili r: posts big blind 40
*** HOLE CARDS ***
Dealt to mabeal1 [5h Th]
mabeal1: raises 440 to 480 and is all-in
pescadili r: calls 440
*** FLOP *** [Kc 2s 6c]
*** TURN *** [Kc 2s 6c] [Ah]
*** RIVER *** [Kc 2s 6c Ah] [Kh]
*** SHOW DOWN ***
pescadili r: shows [2h 2d] (a full house, Deuces full of Kings)
mabeal1: shows [5h Th] (a pair of Kings)
pescadili r collected 960 from pot
mabeal1 finished the tournament in 2nd place
pescadili r wins the tournament and receives €2.00 - congratulations!
*** SUMMARY ***
Total pot 960 | Rake 0 
Board [Kc 2s 6c Ah Kh]
Seat 2: mabeal1 (button) (small blind) showed [5h Th] and lost with a pair of Kings
Seat 3: pescadili r (big blind) showed [2h 2d] and won (960) with a full house, Deuces full of Kings



