PokerStars Hand #259561530461: Tournament #3971389907, €0.93+€0.07 EUR Hold'em No Limit - Level I (10/20) - 2026/02/02 14:07:49 CET [2026/02/02 8:07:49 ET]
Table '3971389907 1' 3-max Seat #1 is the button
Seat 1: Joker23T (500 in chips) 
Seat 2: mabeal1 (500 in chips) 
Seat 3: moons968 (500 in chips) 
mabeal1: posts small blind 10
moons968: posts big blind 20
*** HOLE CARDS ***
Dealt to mabeal1 [4d Ac]
Joker23T: calls 20
mabeal1: calls 10
moons968: raises 20 to 40
Joker23T: folds 
mabeal1: calls 20
*** FLOP *** [2c Ks 6s]
mabeal1: checks 
moons968: bets 50
mabeal1: folds 
Uncalled bet (50) returned to moons968
moons968 collected 100 from pot
*** SUMMARY ***
Total pot 100 | Rake 0 
Board [2c Ks 6s]
Seat 1: Joker23T (button) folded before Flop
Seat 2: mabeal1 (small blind) folded on the Flop
Seat 3: moons968 (big blind) collected (100)



PokerStars Hand #259561536106: Tournament #3971389907, €0.93+€0.07 EUR Hold'em No Limit - Level I (10/20) - 2026/02/02 14:08:33 CET [2026/02/02 8:08:33 ET]
Table '3971389907 1' 3-max Seat #2 is the button
Seat 1: Joker23T (480 in chips) 
Seat 2: mabeal1 (460 in chips) 
Seat 3: moons968 (560 in chips) 
moons968: posts small blind 10
Joker23T: posts big blind 20
*** HOLE CARDS ***
Dealt to mabeal1 [4h 8d]
mabeal1: folds 
moons968: raises 40 to 60
Joker23T: folds 
Uncalled bet (40) returned to moons968
moons968 collected 40 from pot
*** SUMMARY ***
Total pot 40 | Rake 0 
Seat 1: Joker23T (big blind) folded before Flop
Seat 2: mabeal1 (button) folded before Flop (didn't bet)
Seat 3: moons968 (small blind) collected (40)



PokerStars Hand #259561538542: Tournament #3971389907, €0.93+€0.07 EUR Hold'em No Limit - Level I (10/20) - 2026/02/02 14:08:52 CET [2026/02/02 8:08:52 ET]
Table '3971389907 1' 3-max Seat #3 is the button
Seat 1: Joker23T (460 in chips) 
Seat 2: mabeal1 (460 in chips) 
Seat 3: moons968 (580 in chips) 
Joker23T: posts small blind 10
mabeal1: posts big blind 20
*** HOLE CARDS ***
Dealt to mabeal1 [Jd Qh]
moons968: raises 50 to 70
Joker23T: folds 
mabeal1: calls 50
*** FLOP *** [5d Ac 5h]
mabeal1: checks 
moons968: checks 
*** TURN *** [5d Ac 5h] [9d]
mabeal1: checks 
moons968: bets 60
mabeal1: folds 
Uncalled bet (60) returned to moons968
moons968 collected 150 from pot
*** SUMMARY ***
Total pot 150 | Rake 0 
Board [5d Ac 5h 9d]
Seat 1: Joker23T (small blind) folded before Flop
Seat 2: mabeal1 (big blind) folded on the Turn
Seat 3: moons968 (button) collected (150)



PokerStars Hand #259561543285: Tournament #3971389907, €0.93+€0.07 EUR Hold'em No Limit - Level I (10/20) - 2026/02/02 14:09:29 CET [2026/02/02 8:09:29 ET]
Table '3971389907 1' 3-max Seat #1 is the button
Seat 1: Joker23T (450 in chips) 
Seat 2: mabeal1 (390 in chips) 
Seat 3: moons968 (660 in chips) 
mabeal1: posts small blind 10
moons968: posts big blind 20
*** HOLE CARDS ***
Dealt to mabeal1 [2s 4c]
Joker23T: folds 
mabeal1: folds 
Uncalled bet (10) returned to moons968
moons968 collected 20 from pot
*** SUMMARY ***
Total pot 20 | Rake 0 
Seat 1: Joker23T (button) folded before Flop (didn't bet)
Seat 2: mabeal1 (small blind) folded before Flop
Seat 3: moons968 (big blind) collected (20)



PokerStars Hand #259561544883: Tournament #3971389907, €0.93+€0.07 EUR Hold'em No Limit - Level I (10/20) - 2026/02/02 14:09:41 CET [2026/02/02 8:09:41 ET]
Table '3971389907 1' 3-max Seat #2 is the button
Seat 1: Joker23T (450 in chips) 
Seat 2: mabeal1 (380 in chips) 
Seat 3: moons968 (670 in chips) 
moons968: posts small blind 10
Joker23T: posts big blind 20
*** HOLE CARDS ***
Dealt to mabeal1 [8d 8c]
mabeal1: raises 20 to 40
moons968: calls 30
Joker23T: calls 20
*** FLOP *** [Js 2s 8s]
moons968: checks 
Joker23T: checks 
mabeal1: bets 80
moons968: calls 80
Joker23T: folds 
*** TURN *** [Js 2s 8s] [Jh]
moons968: bets 40
mabeal1: raises 100 to 140
moons968: raises 410 to 550 and is all-in
mabeal1: calls 120 and is all-in
Uncalled bet (290) returned to moons968
*** RIVER *** [Js 2s 8s Jh] [7h]
*** SHOW DOWN ***
moons968: shows [2c 9d] (two pair, Jacks and Deuces)
mabeal1: shows [8d 8c] (a full house, Eights full of Jacks)
mabeal1 collected 800 from pot
*** SUMMARY ***
Total pot 800 | Rake 0 
Board [Js 2s 8s Jh 7h]
Seat 1: Joker23T (big blind) folded on the Flop
Seat 2: mabeal1 (button) showed [8d 8c] and won (800) with a full house, Eights full of Jacks
Seat 3: moons968 (small blind) showed [2c 9d] and lost with two pair, Jacks and Deuces



PokerStars Hand #259561554712: Tournament #3971389907, €0.93+€0.07 EUR Hold'em No Limit - Level II (15/30) - 2026/02/02 14:10:57 CET [2026/02/02 8:10:57 ET]
Table '3971389907 1' 3-max Seat #3 is the button
Seat 1: Joker23T (410 in chips) 
Seat 2: mabeal1 (800 in chips) 
Seat 3: moons968 (290 in chips) 
Joker23T: posts small blind 15
mabeal1: posts big blind 30
*** HOLE CARDS ***
Dealt to mabeal1 [7s 8h]
moons968: folds 
Joker23T: calls 15
mabeal1: checks 
*** FLOP *** [6s Kh 2s]
Joker23T: bets 30
mabeal1: raises 60 to 90
Joker23T: folds 
Uncalled bet (60) returned to mabeal1
mabeal1 collected 120 from pot
mabeal1: doesn't show hand 
*** SUMMARY ***
Total pot 120 | Rake 0 
Board [6s Kh 2s]
Seat 1: Joker23T (small blind) folded on the Flop
Seat 2: mabeal1 (big blind) collected (120)
Seat 3: moons968 (button) folded before Flop (didn't bet)



PokerStars Hand #259561561591: Tournament #3971389907, €0.93+€0.07 EUR Hold'em No Limit - Level II (15/30) - 2026/02/02 14:11:49 CET [2026/02/02 8:11:49 ET]
Table '3971389907 1' 3-max Seat #1 is the button
Seat 1: Joker23T (350 in chips) 
Seat 2: mabeal1 (860 in chips) 
Seat 3: moons968 (290 in chips) 
mabeal1: posts small blind 15
moons968: posts big blind 30
*** HOLE CARDS ***
Dealt to mabeal1 [7s 5h]
Joker23T: raises 320 to 350 and is all-in
mabeal1: folds 
moons968: calls 260 and is all-in
Uncalled bet (60) returned to Joker23T
*** FLOP *** [2s Qs 9c]
*** TURN *** [2s Qs 9c] [Ks]
*** RIVER *** [2s Qs 9c Ks] [8s]
*** SHOW DOWN ***
moons968: shows [Jc Kh] (a pair of Kings)
Joker23T: shows [3c As] (a flush, Ace high)
Joker23T collected 595 from pot
moons968 finished the tournament in 3rd place
*** SUMMARY ***
Total pot 595 | Rake 0 
Board [2s Qs 9c Ks 8s]
Seat 1: Joker23T (button) showed [3c As] and won (595) with a flush, Ace high
Seat 2: mabeal1 (small blind) folded before Flop
Seat 3: moons968 (big blind) showed [Jc Kh] and lost with a pair of Kings



PokerStars Hand #259561564911: Tournament #3971389907, €0.93+€0.07 EUR Hold'em No Limit - Level II (15/30) - 2026/02/02 14:12:15 CET [2026/02/02 8:12:15 ET]
Table '3971389907 1' 3-max Seat #2 is the button
Seat 1: Joker23T (655 in chips) 
Seat 2: mabeal1 (845 in chips) 
mabeal1: posts small blind 15
Joker23T: posts big blind 30
*** HOLE CARDS ***
Dealt to mabeal1 [Kh 2h]
mabeal1: calls 15
Joker23T: checks 
*** FLOP *** [6h Kd 5h]
Joker23T: checks 
mabeal1: bets 30
Joker23T: folds 
Uncalled bet (30) returned to mabeal1
mabeal1 collected 60 from pot
mabeal1: doesn't show hand 
*** SUMMARY ***
Total pot 60 | Rake 0 
Board [6h Kd 5h]
Seat 1: Joker23T (big blind) folded on the Flop
Seat 2: mabeal1 (button) (small blind) collected (60)



PokerStars Hand #259561569064: Tournament #3971389907, €0.93+€0.07 EUR Hold'em No Limit - Level II (15/30) - 2026/02/02 14:12:47 CET [2026/02/02 8:12:47 ET]
Table '3971389907 1' 3-max Seat #1 is the button
Seat 1: Joker23T (625 in chips) 
Seat 2: mabeal1 (875 in chips) 
Joker23T: posts small blind 15
mabeal1: posts big blind 30
*** HOLE CARDS ***
Dealt to mabeal1 [Qs 6h]
Joker23T: calls 15
mabeal1: checks 
*** FLOP *** [Jc 2c 7h]
mabeal1: checks 
Joker23T: bets 30
mabeal1: folds 
Uncalled bet (30) returned to Joker23T
Joker23T collected 60 from pot
Joker23T: doesn't show hand 
*** SUMMARY ***
Total pot 60 | Rake 0 
Board [Jc 2c 7h]
Seat 1: Joker23T (button) (small blind) collected (60)
Seat 2: mabeal1 (big blind) folded on the Flop



PokerStars Hand #259561572449: Tournament #3971389907, €0.93+€0.07 EUR Hold'em No Limit - Level II (15/30) - 2026/02/02 14:13:12 CET [2026/02/02 8:13:12 ET]
Table '3971389907 1' 3-max Seat #2 is the button
Seat 1: Joker23T (655 in chips) 
Seat 2: mabeal1 (845 in chips) 
mabeal1: posts small blind 15
Joker23T: posts big blind 30
*** HOLE CARDS ***
Dealt to mabeal1 [5d 8c]
mabeal1: calls 15
Joker23T: checks 
*** FLOP *** [7d Qs 8h]
Joker23T: checks 
mabeal1: bets 30
Joker23T: calls 30
*** TURN *** [7d Qs 8h] [5c]
Joker23T: checks 
mabeal1: bets 120
Joker23T: folds 
Uncalled bet (120) returned to mabeal1
mabeal1 collected 120 from pot
mabeal1: doesn't show hand 
*** SUMMARY ***
Total pot 120 | Rake 0 
Board [7d Qs 8h 5c]
Seat 1: Joker23T (big blind) folded on the Turn
Seat 2: mabeal1 (button) (small blind) collected (120)



PokerStars Hand #259561579798: Tournament #3971389907, €0.93+€0.07 EUR Hold'em No Limit - Level III (20/40) - 2026/02/02 14:14:08 CET [2026/02/02 8:14:08 ET]
Table '3971389907 1' 3-max Seat #1 is the button
Seat 1: Joker23T (595 in chips) 
Seat 2: mabeal1 (905 in chips) 
Joker23T: posts small blind 20
mabeal1: posts big blind 40
*** HOLE CARDS ***
Dealt to mabeal1 [4d Kc]
Joker23T: raises 555 to 595 and is all-in
mabeal1: folds 
Uncalled bet (555) returned to Joker23T
Joker23T collected 80 from pot
Joker23T: doesn't show hand 
*** SUMMARY ***
Total pot 80 | Rake 0 
Seat 1: Joker23T (button) (small blind) collected (80)
Seat 2: mabeal1 (big blind) folded before Flop



PokerStars Hand #259561581656: Tournament #3971389907, €0.93+€0.07 EUR Hold'em No Limit - Level III (20/40) - 2026/02/02 14:14:22 CET [2026/02/02 8:14:22 ET]
Table '3971389907 1' 3-max Seat #2 is the button
Seat 1: Joker23T (635 in chips) 
Seat 2: mabeal1 (865 in chips) 
mabeal1: posts small blind 20
Joker23T: posts big blind 40
*** HOLE CARDS ***
Dealt to mabeal1 [Kh Ad]
mabeal1: raises 80 to 120
Joker23T: folds 
Uncalled bet (80) returned to mabeal1
mabeal1 collected 80 from pot
mabeal1: doesn't show hand 
*** SUMMARY ***
Total pot 80 | Rake 0 
Seat 1: Joker23T (big blind) folded before Flop
Seat 2: mabeal1 (button) (small blind) collected (80)



PokerStars Hand #259561584009: Tournament #3971389907, €0.93+€0.07 EUR Hold'em No Limit - Level III (20/40) - 2026/02/02 14:14:40 CET [2026/02/02 8:14:40 ET]
Table '3971389907 1' 3-max Seat #1 is the button
Seat 1: Joker23T (595 in chips) 
Seat 2: mabeal1 (905 in chips) 
Joker23T: posts small blind 20
mabeal1: posts big blind 40
*** HOLE CARDS ***
Dealt to mabeal1 [6s 3d]
Joker23T: calls 20
mabeal1: checks 
*** FLOP *** [5h Kh Tc]
mabeal1: checks 
Joker23T: bets 40
mabeal1: folds 
Uncalled bet (40) returned to Joker23T
Joker23T collected 80 from pot
Joker23T: doesn't show hand 
*** SUMMARY ***
Total pot 80 | Rake 0 
Board [5h Kh Tc]
Seat 1: Joker23T (button) (small blind) collected (80)
Seat 2: mabeal1 (big blind) folded on the Flop



PokerStars Hand #259561588684: Tournament #3971389907, €0.93+€0.07 EUR Hold'em No Limit - Level III (20/40) - 2026/02/02 14:15:16 CET [2026/02/02 8:15:16 ET]
Table '3971389907 1' 3-max Seat #2 is the button
Seat 1: Joker23T (635 in chips) 
Seat 2: mabeal1 (865 in chips) 
mabeal1: posts small blind 20
Joker23T: posts big blind 40
*** HOLE CARDS ***
Dealt to mabeal1 [Qs Qd]
mabeal1: raises 40 to 80
Joker23T: calls 40
*** FLOP *** [5s 3h Kh]
Joker23T: checks 
mabeal1: bets 80
Joker23T: calls 80
*** TURN *** [5s 3h Kh] [Kc]
Joker23T: checks 
mabeal1: checks 
*** RIVER *** [5s 3h Kh Kc] [Ah]
Joker23T: bets 475 and is all-in
mabeal1: folds 
Uncalled bet (475) returned to Joker23T
Joker23T collected 320 from pot
Joker23T: doesn't show hand 
*** SUMMARY ***
Total pot 320 | Rake 0 
Board [5s 3h Kh Kc Ah]
Seat 1: Joker23T (big blind) collected (320)
Seat 2: mabeal1 (button) (small blind) folded on the River



PokerStars Hand #259561598328: Tournament #3971389907, €0.93+€0.07 EUR Hold'em No Limit - Level III (20/40) - 2026/02/02 14:16:28 CET [2026/02/02 8:16:28 ET]
Table '3971389907 1' 3-max Seat #1 is the button
Seat 1: Joker23T (795 in chips) 
Seat 2: mabeal1 (705 in chips) 
Joker23T: posts small blind 20
mabeal1: posts big blind 40
*** HOLE CARDS ***
Dealt to mabeal1 [9c 4h]
Joker23T: raises 40 to 80
mabeal1: folds 
Uncalled bet (40) returned to Joker23T
Joker23T collected 80 from pot
Joker23T: doesn't show hand 
*** SUMMARY ***
Total pot 80 | Rake 0 
Seat 1: Joker23T (button) (small blind) collected (80)
Seat 2: mabeal1 (big blind) folded before Flop



PokerStars Hand #259561600494: Tournament #3971389907, €0.93+€0.07 EUR Hold'em No Limit - Level III (20/40) - 2026/02/02 14:16:45 CET [2026/02/02 8:16:45 ET]
Table '3971389907 1' 3-max Seat #2 is the button
Seat 1: Joker23T (835 in chips) 
Seat 2: mabeal1 (665 in chips) 
mabeal1: posts small blind 20
Joker23T: posts big blind 40
*** HOLE CARDS ***
Dealt to mabeal1 [8h 3c]
mabeal1: folds 
Uncalled bet (20) returned to Joker23T
Joker23T collected 40 from pot
Joker23T: doesn't show hand 
*** SUMMARY ***
Total pot 40 | Rake 0 
Seat 1: Joker23T (big blind) collected (40)
Seat 2: mabeal1 (button) (small blind) folded before Flop



PokerStars Hand #259561601139: Tournament #3971389907, €0.93+€0.07 EUR Hold'em No Limit - Level III (20/40) - 2026/02/02 14:16:50 CET [2026/02/02 8:16:50 ET]
Table '3971389907 1' 3-max Seat #1 is the button
Seat 1: Joker23T (855 in chips) 
Seat 2: mabeal1 (645 in chips) 
Joker23T: posts small blind 20
mabeal1: posts big blind 40
*** HOLE CARDS ***
Dealt to mabeal1 [6c 8d]
Joker23T: calls 20
mabeal1: checks 
*** FLOP *** [7d 2s Jd]
mabeal1: checks 
Joker23T: bets 40
mabeal1: raises 120 to 160
Joker23T: folds 
Uncalled bet (120) returned to mabeal1
mabeal1 collected 160 from pot
mabeal1: doesn't show hand 
*** SUMMARY ***
Total pot 160 | Rake 0 
Board [7d 2s Jd]
Seat 1: Joker23T (button) (small blind) folded on the Flop
Seat 2: mabeal1 (big blind) collected (160)



PokerStars Hand #259561606263: Tournament #3971389907, €0.93+€0.07 EUR Hold'em No Limit - Level IV (30/60) - 2026/02/02 14:17:28 CET [2026/02/02 8:17:28 ET]
Table '3971389907 1' 3-max Seat #2 is the button
Seat 1: Joker23T (775 in chips) 
Seat 2: mabeal1 (725 in chips) 
mabeal1: posts small blind 30
Joker23T: posts big blind 60
*** HOLE CARDS ***
Dealt to mabeal1 [Ks 2s]
mabeal1: calls 30
Joker23T: checks 
*** FLOP *** [8s 7s Qd]
Joker23T: checks 
mabeal1: bets 60
Joker23T: folds 
Uncalled bet (60) returned to mabeal1
mabeal1 collected 120 from pot
mabeal1: doesn't show hand 
*** SUMMARY ***
Total pot 120 | Rake 0 
Board [8s 7s Qd]
Seat 1: Joker23T (big blind) folded on the Flop
Seat 2: mabeal1 (button) (small blind) collected (120)



PokerStars Hand #259561611848: Tournament #3971389907, €0.93+€0.07 EUR Hold'em No Limit - Level IV (30/60) - 2026/02/02 14:18:10 CET [2026/02/02 8:18:10 ET]
Table '3971389907 1' 3-max Seat #1 is the button
Seat 1: Joker23T (715 in chips) 
Seat 2: mabeal1 (785 in chips) 
Joker23T: posts small blind 30
mabeal1: posts big blind 60
*** HOLE CARDS ***
Dealt to mabeal1 [Ac 5c]
Joker23T: calls 30
mabeal1: raises 725 to 785 and is all-in
Joker23T: folds 
Uncalled bet (725) returned to mabeal1
mabeal1 collected 120 from pot
mabeal1: doesn't show hand 
*** SUMMARY ***
Total pot 120 | Rake 0 
Seat 1: Joker23T (button) (small blind) folded before Flop
Seat 2: mabeal1 (big blind) collected (120)



PokerStars Hand #259561614507: Tournament #3971389907, €0.93+€0.07 EUR Hold'em No Limit - Level IV (30/60) - 2026/02/02 14:18:30 CET [2026/02/02 8:18:30 ET]
Table '3971389907 1' 3-max Seat #2 is the button
Seat 1: Joker23T (655 in chips) 
Seat 2: mabeal1 (845 in chips) 
mabeal1: posts small blind 30
Joker23T: posts big blind 60
*** HOLE CARDS ***
Dealt to mabeal1 [8h Jc]
mabeal1: calls 30
Joker23T: checks 
*** FLOP *** [As Ad 7h]
Joker23T: checks 
mabeal1: bets 60
Joker23T: folds 
Uncalled bet (60) returned to mabeal1
mabeal1 collected 120 from pot
mabeal1: doesn't show hand 
*** SUMMARY ***
Total pot 120 | Rake 0 
Board [As Ad 7h]
Seat 1: Joker23T (big blind) folded on the Flop
Seat 2: mabeal1 (button) (small blind) collected (120)



PokerStars Hand #259561618858: Tournament #3971389907, €0.93+€0.07 EUR Hold'em No Limit - Level IV (30/60) - 2026/02/02 14:19:03 CET [2026/02/02 8:19:03 ET]
Table '3971389907 1' 3-max Seat #1 is the button
Seat 1: Joker23T (595 in chips) 
Seat 2: mabeal1 (905 in chips) 
Joker23T: posts small blind 30
mabeal1: posts big blind 60
*** HOLE CARDS ***
Dealt to mabeal1 [3d Js]
Joker23T: calls 30
mabeal1: checks 
*** FLOP *** [5h 5s 9c]
mabeal1: checks 
Joker23T: bets 60
mabeal1: folds 
Uncalled bet (60) returned to Joker23T
Joker23T collected 120 from pot
Joker23T: doesn't show hand 
*** SUMMARY ***
Total pot 120 | Rake 0 
Board [5h 5s 9c]
Seat 1: Joker23T (button) (small blind) collected (120)
Seat 2: mabeal1 (big blind) folded on the Flop



PokerStars Hand #259561623128: Tournament #3971389907, €0.93+€0.07 EUR Hold'em No Limit - Level IV (30/60) - 2026/02/02 14:19:35 CET [2026/02/02 8:19:35 ET]
Table '3971389907 1' 3-max Seat #2 is the button
Seat 1: Joker23T (655 in chips) 
Seat 2: mabeal1 (845 in chips) 
mabeal1: posts small blind 30
Joker23T: posts big blind 60
*** HOLE CARDS ***
Dealt to mabeal1 [3h 4d]
mabeal1: folds 
Uncalled bet (30) returned to Joker23T
Joker23T collected 60 from pot
Joker23T: doesn't show hand 
*** SUMMARY ***
Total pot 60 | Rake 0 
Seat 1: Joker23T (big blind) collected (60)
Seat 2: mabeal1 (button) (small blind) folded before Flop



PokerStars Hand #259561623795: Tournament #3971389907, €0.93+€0.07 EUR Hold'em No Limit - Level IV (30/60) - 2026/02/02 14:19:40 CET [2026/02/02 8:19:40 ET]
Table '3971389907 1' 3-max Seat #1 is the button
Seat 1: Joker23T (685 in chips) 
Seat 2: mabeal1 (815 in chips) 
Joker23T: posts small blind 30
mabeal1: posts big blind 60
*** HOLE CARDS ***
Dealt to mabeal1 [2h 8c]
Joker23T: calls 30
mabeal1: checks 
*** FLOP *** [3d Ks 2s]
mabeal1: checks 
Joker23T: bets 60
mabeal1: calls 60
*** TURN *** [3d Ks 2s] [Jd]
mabeal1: checks 
Joker23T: checks 
*** RIVER *** [3d Ks 2s Jd] [5d]
mabeal1: checks 
Joker23T: bets 240
mabeal1: calls 240
*** SHOW DOWN ***
Joker23T: shows [Qh 2c] (a pair of Deuces)
mabeal1: mucks hand 
Joker23T collected 720 from pot
*** SUMMARY ***
Total pot 720 | Rake 0 
Board [3d Ks 2s Jd 5d]
Seat 1: Joker23T (button) (small blind) showed [Qh 2c] and won (720) with a pair of Deuces
Seat 2: mabeal1 (big blind) mucked [2h 8c]



PokerStars Hand #259561631616: Tournament #3971389907, €0.93+€0.07 EUR Hold'em No Limit - Level V (40/80) - 2026/02/02 14:20:39 CET [2026/02/02 8:20:39 ET]
Table '3971389907 1' 3-max Seat #2 is the button
Seat 1: Joker23T (1045 in chips) 
Seat 2: mabeal1 (455 in chips) 
mabeal1: posts small blind 40
Joker23T: posts big blind 80
*** HOLE CARDS ***
Dealt to mabeal1 [2c As]
mabeal1: raises 375 to 455 and is all-in
Joker23T: folds 
Uncalled bet (375) returned to mabeal1
mabeal1 collected 160 from pot
mabeal1: doesn't show hand 
*** SUMMARY ***
Total pot 160 | Rake 0 
Seat 1: Joker23T (big blind) folded before Flop
Seat 2: mabeal1 (button) (small blind) collected (160)



PokerStars Hand #259561632834: Tournament #3971389907, €0.93+€0.07 EUR Hold'em No Limit - Level V (40/80) - 2026/02/02 14:20:49 CET [2026/02/02 8:20:49 ET]
Table '3971389907 1' 3-max Seat #1 is the button
Seat 1: Joker23T (965 in chips) 
Seat 2: mabeal1 (535 in chips) 
Joker23T: posts small blind 40
mabeal1: posts big blind 80
*** HOLE CARDS ***
Dealt to mabeal1 [2s Qh]
Joker23T: raises 885 to 965 and is all-in
mabeal1: folds 
Uncalled bet (885) returned to Joker23T
Joker23T collected 160 from pot
Joker23T: doesn't show hand 
*** SUMMARY ***
Total pot 160 | Rake 0 
Seat 1: Joker23T (button) (small blind) collected (160)
Seat 2: mabeal1 (big blind) folded before Flop



PokerStars Hand #259561634823: Tournament #3971389907, €0.93+€0.07 EUR Hold'em No Limit - Level V (40/80) - 2026/02/02 14:21:04 CET [2026/02/02 8:21:04 ET]
Table '3971389907 1' 3-max Seat #2 is the button
Seat 1: Joker23T (1045 in chips) 
Seat 2: mabeal1 (455 in chips) 
mabeal1: posts small blind 40
Joker23T: posts big blind 80
*** HOLE CARDS ***
Dealt to mabeal1 [2c Th]
mabeal1: folds 
Uncalled bet (40) returned to Joker23T
Joker23T collected 80 from pot
Joker23T: doesn't show hand 
*** SUMMARY ***
Total pot 80 | Rake 0 
Seat 1: Joker23T (big blind) collected (80)
Seat 2: mabeal1 (button) (small blind) folded before Flop



PokerStars Hand #259561635515: Tournament #3971389907, €0.93+€0.07 EUR Hold'em No Limit - Level V (40/80) - 2026/02/02 14:21:09 CET [2026/02/02 8:21:09 ET]
Table '3971389907 1' 3-max Seat #1 is the button
Seat 1: Joker23T (1085 in chips) 
Seat 2: mabeal1 (415 in chips) 
Joker23T: posts small blind 40
mabeal1: posts big blind 80
*** HOLE CARDS ***
Dealt to mabeal1 [6c 8c]
Joker23T: raises 80 to 160
mabeal1: folds 
Uncalled bet (80) returned to Joker23T
Joker23T collected 160 from pot
Joker23T: doesn't show hand 
*** SUMMARY ***
Total pot 160 | Rake 0 
Seat 1: Joker23T (button) (small blind) collected (160)
Seat 2: mabeal1 (big blind) folded before Flop



PokerStars Hand #259561636535: Tournament #3971389907, €0.93+€0.07 EUR Hold'em No Limit - Level V (40/80) - 2026/02/02 14:21:17 CET [2026/02/02 8:21:17 ET]
Table '3971389907 1' 3-max Seat #2 is the button
Seat 1: Joker23T (1165 in chips) 
Seat 2: mabeal1 (335 in chips) 
mabeal1: posts small blind 40
Joker23T: posts big blind 80
*** HOLE CARDS ***
Dealt to mabeal1 [9h 2d]
mabeal1: raises 255 to 335 and is all-in
Joker23T: folds 
Uncalled bet (255) returned to mabeal1
mabeal1 collected 160 from pot
mabeal1: doesn't show hand 
*** SUMMARY ***
Total pot 160 | Rake 0 
Seat 1: Joker23T (big blind) folded before Flop
Seat 2: mabeal1 (button) (small blind) collected (160)



PokerStars Hand #259561638253: Tournament #3971389907, €0.93+€0.07 EUR Hold'em No Limit - Level V (40/80) - 2026/02/02 14:21:29 CET [2026/02/02 8:21:29 ET]
Table '3971389907 1' 3-max Seat #1 is the button
Seat 1: Joker23T (1085 in chips) 
Seat 2: mabeal1 (415 in chips) 
Joker23T: posts small blind 40
mabeal1: posts big blind 80
*** HOLE CARDS ***
Dealt to mabeal1 [Ad 7h]
Joker23T: folds 
Uncalled bet (40) returned to mabeal1
mabeal1 collected 80 from pot
mabeal1: doesn't show hand 
*** SUMMARY ***
Total pot 80 | Rake 0 
Seat 1: Joker23T (button) (small blind) folded before Flop
Seat 2: mabeal1 (big blind) collected (80)



PokerStars Hand #259561639277: Tournament #3971389907, €0.93+€0.07 EUR Hold'em No Limit - Level V (40/80) - 2026/02/02 14:21:37 CET [2026/02/02 8:21:37 ET]
Table '3971389907 1' 3-max Seat #2 is the button
Seat 1: Joker23T (1045 in chips) 
Seat 2: mabeal1 (455 in chips) 
mabeal1: posts small blind 40
Joker23T: posts big blind 80
*** HOLE CARDS ***
Dealt to mabeal1 [Ts 2c]
mabeal1: folds 
Uncalled bet (40) returned to Joker23T
Joker23T collected 80 from pot
Joker23T: doesn't show hand 
*** SUMMARY ***
Total pot 80 | Rake 0 
Seat 1: Joker23T (big blind) collected (80)
Seat 2: mabeal1 (button) (small blind) folded before Flop



PokerStars Hand #259561640041: Tournament #3971389907, €0.93+€0.07 EUR Hold'em No Limit - Level V (40/80) - 2026/02/02 14:21:43 CET [2026/02/02 8:21:43 ET]
Table '3971389907 1' 3-max Seat #1 is the button
Seat 1: Joker23T (1085 in chips) 
Seat 2: mabeal1 (415 in chips) 
Joker23T: posts small blind 40
mabeal1: posts big blind 80
*** HOLE CARDS ***
Dealt to mabeal1 [6s Jc]
Joker23T: raises 1005 to 1085 and is all-in
mabeal1: calls 335 and is all-in
Uncalled bet (670) returned to Joker23T
*** FLOP *** [2h Ts 7d]
*** TURN *** [2h Ts 7d] [Qs]
*** RIVER *** [2h Ts 7d Qs] [As]
*** SHOW DOWN ***
mabeal1: shows [6s Jc] (high card Ace)
Joker23T: shows [3d Ks] (high card Ace - King kicker)
Joker23T collected 830 from pot
mabeal1 finished the tournament in 2nd place
Joker23T wins the tournament and receives €3.00 - congratulations!
*** SUMMARY ***
Total pot 830 | Rake 0 
Board [2h Ts 7d Qs As]
Seat 1: Joker23T (button) (small blind) showed [3d Ks] and won (830) with high card Ace
Seat 2: mabeal1 (big blind) showed [6s Jc] and lost with high card Ace



