PokerStars Hand #259431139715: Tournament #3968433875, €0.46+€0.04 EUR Hold'em No Limit - Level I (10/20) - 2026/01/23 20:10:31 CET [2026/01/23 14:10:31 ET]
Table '3968433875 1' 3-max Seat #1 is the button
Seat 1: mabeal1 (500 in chips) 
Seat 2: chuloo96 (500 in chips) 
Seat 3: cvc1962 (500 in chips) 
chuloo96: posts small blind 10
cvc1962: posts big blind 20
*** HOLE CARDS ***
Dealt to mabeal1 [8c 7h]
mabeal1: folds 
chuloo96: folds [9c]
Uncalled bet (10) returned to cvc1962
cvc1962 collected 20 from pot
cvc1962: doesn't show hand 
*** SUMMARY ***
Total pot 20 | Rake 0 
Seat 1: mabeal1 (button) folded before Flop (didn't bet)
Seat 2: chuloo96 (small blind) folded before Flop
Seat 3: cvc1962 (big blind) collected (20)



PokerStars Hand #259431142498: Tournament #3968433875, €0.46+€0.04 EUR Hold'em No Limit - Level I (10/20) - 2026/01/23 20:10:43 CET [2026/01/23 14:10:43 ET]
Table '3968433875 1' 3-max Seat #2 is the button
Seat 1: mabeal1 (500 in chips) 
Seat 2: chuloo96 (490 in chips) 
Seat 3: cvc1962 (510 in chips) 
cvc1962: posts small blind 10
mabeal1: posts big blind 20
*** HOLE CARDS ***
Dealt to mabeal1 [Js 3c]
chuloo96: calls 20
cvc1962: folds 
mabeal1: checks 
*** FLOP *** [4h 2s 6d]
mabeal1: checks 
chuloo96: bets 60
mabeal1: folds 
Uncalled bet (60) returned to chuloo96
chuloo96 collected 50 from pot
*** SUMMARY ***
Total pot 50 | Rake 0 
Board [4h 2s 6d]
Seat 1: mabeal1 (big blind) folded on the Flop
Seat 2: chuloo96 (button) collected (50)
Seat 3: cvc1962 (small blind) folded before Flop



PokerStars Hand #259431146066: Tournament #3968433875, €0.46+€0.04 EUR Hold'em No Limit - Level I (10/20) - 2026/01/23 20:10:59 CET [2026/01/23 14:10:59 ET]
Table '3968433875 1' 3-max Seat #3 is the button
Seat 1: mabeal1 (480 in chips) 
Seat 2: chuloo96 (520 in chips) 
Seat 3: cvc1962 (500 in chips) 
mabeal1: posts small blind 10
chuloo96: posts big blind 20
*** HOLE CARDS ***
Dealt to mabeal1 [5h 7c]
cvc1962: calls 20
mabeal1: folds 
chuloo96: checks 
*** FLOP *** [2h 4c 2s]
chuloo96: checks 
cvc1962: checks 
*** TURN *** [2h 4c 2s] [5s]
chuloo96: checks 
cvc1962: checks 
*** RIVER *** [2h 4c 2s 5s] [6d]
chuloo96: checks 
cvc1962: checks 
*** SHOW DOWN ***
chuloo96: shows [7d Kc] (a pair of Deuces)
cvc1962: shows [7h Ah] (a pair of Deuces - Ace kicker)
cvc1962 collected 50 from pot
*** SUMMARY ***
Total pot 50 | Rake 0 
Board [2h 4c 2s 5s 6d]
Seat 1: mabeal1 (small blind) folded before Flop
Seat 2: chuloo96 (big blind) showed [7d Kc] and lost with a pair of Deuces
Seat 3: cvc1962 (button) showed [7h Ah] and won (50) with a pair of Deuces



PokerStars Hand #259431150652: Tournament #3968433875, €0.46+€0.04 EUR Hold'em No Limit - Level I (10/20) - 2026/01/23 20:11:19 CET [2026/01/23 14:11:19 ET]
Table '3968433875 1' 3-max Seat #1 is the button
Seat 1: mabeal1 (470 in chips) 
Seat 2: chuloo96 (500 in chips) 
Seat 3: cvc1962 (530 in chips) 
chuloo96: posts small blind 10
cvc1962: posts big blind 20
*** HOLE CARDS ***
Dealt to mabeal1 [3h 2s]
mabeal1: folds 
chuloo96: folds 
Uncalled bet (10) returned to cvc1962
cvc1962 collected 20 from pot
cvc1962: doesn't show hand 
*** SUMMARY ***
Total pot 20 | Rake 0 
Seat 1: mabeal1 (button) folded before Flop (didn't bet)
Seat 2: chuloo96 (small blind) folded before Flop
Seat 3: cvc1962 (big blind) collected (20)



PokerStars Hand #259431152400: Tournament #3968433875, €0.46+€0.04 EUR Hold'em No Limit - Level I (10/20) - 2026/01/23 20:11:26 CET [2026/01/23 14:11:26 ET]
Table '3968433875 1' 3-max Seat #2 is the button
Seat 1: mabeal1 (470 in chips) 
Seat 2: chuloo96 (490 in chips) 
Seat 3: cvc1962 (540 in chips) 
cvc1962: posts small blind 10
mabeal1: posts big blind 20
*** HOLE CARDS ***
Dealt to mabeal1 [7s 4s]
chuloo96: raises 40 to 60
cvc1962: calls 50
mabeal1: folds 
*** FLOP *** [6h 6d Qc]
cvc1962: checks 
chuloo96: bets 60
cvc1962: folds 
Uncalled bet (60) returned to chuloo96
chuloo96 collected 140 from pot
*** SUMMARY ***
Total pot 140 | Rake 0 
Board [6h 6d Qc]
Seat 1: mabeal1 (big blind) folded before Flop
Seat 2: chuloo96 (button) collected (140)
Seat 3: cvc1962 (small blind) folded on the Flop



PokerStars Hand #259431155606: Tournament #3968433875, €0.46+€0.04 EUR Hold'em No Limit - Level I (10/20) - 2026/01/23 20:11:40 CET [2026/01/23 14:11:40 ET]
Table '3968433875 1' 3-max Seat #3 is the button
Seat 1: mabeal1 (450 in chips) 
Seat 2: chuloo96 (570 in chips) 
Seat 3: cvc1962 (480 in chips) 
mabeal1: posts small blind 10
chuloo96: posts big blind 20
*** HOLE CARDS ***
Dealt to mabeal1 [Ah 7d]
cvc1962: folds 
mabeal1: raises 20 to 40
chuloo96: folds 
Uncalled bet (20) returned to mabeal1
mabeal1 collected 40 from pot
mabeal1: doesn't show hand 
*** SUMMARY ***
Total pot 40 | Rake 0 
Seat 1: mabeal1 (small blind) collected (40)
Seat 2: chuloo96 (big blind) folded before Flop
Seat 3: cvc1962 (button) folded before Flop (didn't bet)



PokerStars Hand #259431159026: Tournament #3968433875, €0.46+€0.04 EUR Hold'em No Limit - Level I (10/20) - 2026/01/23 20:11:55 CET [2026/01/23 14:11:55 ET]
Table '3968433875 1' 3-max Seat #1 is the button
Seat 1: mabeal1 (470 in chips) 
Seat 2: chuloo96 (550 in chips) 
Seat 3: cvc1962 (480 in chips) 
chuloo96: posts small blind 10
cvc1962: posts big blind 20
*** HOLE CARDS ***
Dealt to mabeal1 [4c Qc]
mabeal1: folds 
chuloo96: folds 
Uncalled bet (10) returned to cvc1962
cvc1962 collected 20 from pot
cvc1962: doesn't show hand 
*** SUMMARY ***
Total pot 20 | Rake 0 
Seat 1: mabeal1 (button) folded before Flop (didn't bet)
Seat 2: chuloo96 (small blind) folded before Flop
Seat 3: cvc1962 (big blind) collected (20)



PokerStars Hand #259431161155: Tournament #3968433875, €0.46+€0.04 EUR Hold'em No Limit - Level I (10/20) - 2026/01/23 20:12:04 CET [2026/01/23 14:12:04 ET]
Table '3968433875 1' 3-max Seat #2 is the button
Seat 1: mabeal1 (470 in chips) 
Seat 2: chuloo96 (540 in chips) 
Seat 3: cvc1962 (490 in chips) 
cvc1962: posts small blind 10
mabeal1: posts big blind 20
*** HOLE CARDS ***
Dealt to mabeal1 [9h Ah]
chuloo96: folds 
cvc1962: calls 10
mabeal1: raises 450 to 470 and is all-in
cvc1962: folds 
Uncalled bet (450) returned to mabeal1
mabeal1 collected 40 from pot
mabeal1: doesn't show hand 
*** SUMMARY ***
Total pot 40 | Rake 0 
Seat 1: mabeal1 (big blind) collected (40)
Seat 2: chuloo96 (button) folded before Flop (didn't bet)
Seat 3: cvc1962 (small blind) folded before Flop



PokerStars Hand #259431166479: Tournament #3968433875, €0.46+€0.04 EUR Hold'em No Limit - Level I (10/20) - 2026/01/23 20:12:27 CET [2026/01/23 14:12:27 ET]
Table '3968433875 1' 3-max Seat #3 is the button
Seat 1: mabeal1 (490 in chips) 
Seat 2: chuloo96 (540 in chips) 
Seat 3: cvc1962 (470 in chips) 
mabeal1: posts small blind 10
chuloo96: posts big blind 20
*** HOLE CARDS ***
Dealt to mabeal1 [Ac 7h]
cvc1962: calls 20
mabeal1: raises 470 to 490 and is all-in
chuloo96: folds 
cvc1962: folds 
Uncalled bet (470) returned to mabeal1
mabeal1 collected 60 from pot
mabeal1: doesn't show hand 
*** SUMMARY ***
Total pot 60 | Rake 0 
Seat 1: mabeal1 (small blind) collected (60)
Seat 2: chuloo96 (big blind) folded before Flop
Seat 3: cvc1962 (button) folded before Flop



PokerStars Hand #259431168672: Tournament #3968433875, €0.46+€0.04 EUR Hold'em No Limit - Level I (10/20) - 2026/01/23 20:12:36 CET [2026/01/23 14:12:36 ET]
Table '3968433875 1' 3-max Seat #1 is the button
Seat 1: mabeal1 (530 in chips) 
Seat 2: chuloo96 (520 in chips) 
Seat 3: cvc1962 (450 in chips) 
chuloo96: posts small blind 10
cvc1962: posts big blind 20
*** HOLE CARDS ***
Dealt to mabeal1 [Kd 4h]
mabeal1: folds 
chuloo96: calls 10
cvc1962: checks 
*** FLOP *** [2d 2c Jc]
chuloo96: checks 
cvc1962: checks 
*** TURN *** [2d 2c Jc] [4d]
chuloo96: checks 
cvc1962: bets 20
chuloo96: folds 
Uncalled bet (20) returned to cvc1962
cvc1962 collected 40 from pot
cvc1962: doesn't show hand 
*** SUMMARY ***
Total pot 40 | Rake 0 
Board [2d 2c Jc 4d]
Seat 1: mabeal1 (button) folded before Flop (didn't bet)
Seat 2: chuloo96 (small blind) folded on the Turn
Seat 3: cvc1962 (big blind) collected (40)



PokerStars Hand #259431172821: Tournament #3968433875, €0.46+€0.04 EUR Hold'em No Limit - Level I (10/20) - 2026/01/23 20:12:54 CET [2026/01/23 14:12:54 ET]
Table '3968433875 1' 3-max Seat #2 is the button
Seat 1: mabeal1 (530 in chips) 
Seat 2: chuloo96 (500 in chips) 
Seat 3: cvc1962 (470 in chips) 
cvc1962: posts small blind 10
mabeal1: posts big blind 20
*** HOLE CARDS ***
Dealt to mabeal1 [7d Th]
chuloo96: raises 40 to 60
cvc1962: folds 
mabeal1: folds 
Uncalled bet (40) returned to chuloo96
chuloo96 collected 50 from pot
*** SUMMARY ***
Total pot 50 | Rake 0 
Seat 1: mabeal1 (big blind) folded before Flop
Seat 2: chuloo96 (button) collected (50)
Seat 3: cvc1962 (small blind) folded before Flop



PokerStars Hand #259431175368: Tournament #3968433875, €0.46+€0.04 EUR Hold'em No Limit - Level I (10/20) - 2026/01/23 20:13:05 CET [2026/01/23 14:13:05 ET]
Table '3968433875 1' 3-max Seat #3 is the button
Seat 1: mabeal1 (510 in chips) 
Seat 2: chuloo96 (530 in chips) 
Seat 3: cvc1962 (460 in chips) 
mabeal1: posts small blind 10
chuloo96: posts big blind 20
*** HOLE CARDS ***
Dealt to mabeal1 [7h Jh]
cvc1962: folds 
mabeal1: raises 20 to 40
chuloo96: calls 20
*** FLOP *** [Ks 8d 3c]
mabeal1: bets 30
chuloo96: calls 30
*** TURN *** [Ks 8d 3c] [7d]
mabeal1: checks 
chuloo96: bets 460 and is all-in
mabeal1: folds 
Uncalled bet (460) returned to chuloo96
chuloo96 collected 140 from pot
*** SUMMARY ***
Total pot 140 | Rake 0 
Board [Ks 8d 3c 7d]
Seat 1: mabeal1 (small blind) folded on the Turn
Seat 2: chuloo96 (big blind) collected (140)
Seat 3: cvc1962 (button) folded before Flop (didn't bet)



PokerStars Hand #259431181877: Tournament #3968433875, €0.46+€0.04 EUR Hold'em No Limit - Level I (10/20) - 2026/01/23 20:13:33 CET [2026/01/23 14:13:33 ET]
Table '3968433875 1' 3-max Seat #1 is the button
Seat 1: mabeal1 (440 in chips) 
Seat 2: chuloo96 (600 in chips) 
Seat 3: cvc1962 (460 in chips) 
chuloo96: posts small blind 10
cvc1962: posts big blind 20
*** HOLE CARDS ***
Dealt to mabeal1 [9c 4h]
mabeal1: folds 
chuloo96: calls 10
cvc1962: checks 
*** FLOP *** [Jd Qc 2c]
chuloo96: bets 80
cvc1962: folds 
Uncalled bet (80) returned to chuloo96
chuloo96 collected 40 from pot
*** SUMMARY ***
Total pot 40 | Rake 0 
Board [Jd Qc 2c]
Seat 1: mabeal1 (button) folded before Flop (didn't bet)
Seat 2: chuloo96 (small blind) collected (40)
Seat 3: cvc1962 (big blind) folded on the Flop



PokerStars Hand #259431185465: Tournament #3968433875, €0.46+€0.04 EUR Hold'em No Limit - Level II (15/30) - 2026/01/23 20:13:48 CET [2026/01/23 14:13:48 ET]
Table '3968433875 1' 3-max Seat #2 is the button
Seat 1: mabeal1 (440 in chips) 
Seat 2: chuloo96 (620 in chips) 
Seat 3: cvc1962 (440 in chips) 
cvc1962: posts small blind 15
mabeal1: posts big blind 30
*** HOLE CARDS ***
Dealt to mabeal1 [3d Ts]
chuloo96: folds 
cvc1962: calls 15
mabeal1: checks 
*** FLOP *** [4d 7h Th]
cvc1962: bets 410 and is all-in
mabeal1: calls 410 and is all-in
*** TURN *** [4d 7h Th] [Jd]
*** RIVER *** [4d 7h Th Jd] [Js]
*** SHOW DOWN ***
cvc1962: shows [As Tc] (two pair, Jacks and Tens)
mabeal1: shows [3d Ts] (two pair, Jacks and Tens - lower kicker)
cvc1962 collected 880 from pot
mabeal1 finished the tournament in 3rd place
*** SUMMARY ***
Total pot 880 | Rake 0 
Board [4d 7h Th Jd Js]
Seat 1: mabeal1 (big blind) showed [3d Ts] and lost with two pair, Jacks and Tens
Seat 2: chuloo96 (button) folded before Flop (didn't bet)
Seat 3: cvc1962 (small blind) showed [As Tc] and won (880) with two pair, Jacks and Tens



