PokerStars Hand #259549365265: Tournament #3971133987, €0.93+€0.07 EUR Hold'em No Limit - Level I (10/20) - 2026/02/01 17:01:15 CET [2026/02/01 11:01:15 ET]
Table '3971133987 1' 3-max Seat #1 is the button
Seat 1: mabeal1 (500 in chips) 
Seat 2: jose tari886 (500 in chips) 
Seat 3: Bibook09 (500 in chips) 
jose tari886: posts small blind 10
Bibook09: posts big blind 20
*** HOLE CARDS ***
Dealt to mabeal1 [As Ac]
mabeal1: raises 20 to 40
jose tari886: raises 160 to 200
Bibook09: calls 180
mabeal1: raises 300 to 500 and is all-in
jose tari886: calls 300 and is all-in
Bibook09: calls 300 and is all-in
*** FLOP *** [5c 7d Ts]
*** TURN *** [5c 7d Ts] [8c]
*** RIVER *** [5c 7d Ts 8c] [3c]
*** SHOW DOWN ***
jose tari886: shows [Ah Kc] (high card Ace)
Bibook09: shows [4d 4c] (a pair of Fours)
mabeal1: shows [As Ac] (a pair of Aces)
mabeal1 collected 1500 from pot
jose tari886 finished the tournament in 2nd place
Bibook09 finished the tournament in 2nd place
mabeal1 wins the tournament and receives €3.00 - congratulations!
*** SUMMARY ***
Total pot 1500 | Rake 0 
Board [5c 7d Ts 8c 3c]
Seat 1: mabeal1 (button) showed [As Ac] and won (1500) with a pair of Aces
Seat 2: jose tari886 (small blind) showed [Ah Kc] and lost with high card Ace
Seat 3: Bibook09 (big blind) showed [4d 4c] and lost with a pair of Fours



